2250 3090
243 129 282 188 48
515 148 601 188 moen
622 148 760 200 octms.

241 263 324 321 Recte
338 259 422 340 igitur
432 260 568 321 Pacuvius
582 260 658 340 quod
670 261 727 320 ait:

280 386 426 446 Animam
437 389 528 447 oether
538 389 679 467 adjugat,

241 527 266 572 et
276 513 398 573 Ennius:
410 526 517 573 terram
528 535 632 593 corpus
643 534 708 595 quoe
724 515 851 589 dederit,
874 521 970 588 ipsam
984 536 1015 576 ce

238 614 323 670 pere,
350 614 442 672 neque
467 595 602 673 dispendi
625 597 723 671 facere
748 594 853 652 hilum.
882 595 1015 655 Animaet

239 672 580 753 cotporisdiscessusquod
589 664 657 732 ncitis
666 674 689 731 is
699 673 803 746 exitus,
826 672 891 733 inde
903 678 1015 735 exitium

243 767 285 823 ot,
300 775 382 832 quom
397 755 425 813 in
440 775 522 812 unum
535 755 744 825 inet1111,initia.
756 786 791 799 -—
806 754 854 812 61.
874 752 944 813 lndc
957 776 1015 814 omo

240 832 533 914 c01·pus‚ubiniinius
558 834 640 892 ordor
662 847 708 892 aot
730 832 848 907 humor,
867 847 915 893 aut
927 833 1015 894 intecit

240 925 301 982 aut,
323 914 346 972 ci
362 926 470 986 monet,
492 913 602 988 steriic3
622 915 687 991 quoi
699 915 775 971 testis
784 926 871 971 oestas
880 926 908 971 ct
921 915 1015 973 hiems

239 991 313 1071 quod
325 993 353 1051 io
371 993 452 1052 altera
469 1015 515 1052 aer
528 993 603 1052 ardet
616 1007 641 1051 et
658 992 731 1072 spice
745 1005 819 1064 aret,
835 991 872 1049 in·
882 991 966 1055 altera
984 1004 1015 1052 nc

240 1085 299 1131 tora
310 1071 346 1131 ad
357 1072 519 1132 nascendum
534 1093 595 1131 cuin
615 1073 700 1131 imbrc
713 1073 851 1151 ctsrigore
864 1071 968 1132 luctare
982 1093 1015 1133 not

238 1151 296 1210 volt
306 1165 333 1210 ct
345 1153 436 1231 potius
449 1174 497 1210 ver
507 1166 651 1232 exspectat.
662 1153 750 1231 Igitur
759 1149 863 1241 duplex
877 1172 957 1211 causa
972 1174 1015 1211 nac

239 1229 316 1289 cendi
335 1231 406 1310 ignis
420 1245 445 1289 ct
459 1253 542 1307 aque;
565 1231 626 1290 ideo
640 1253 669 1289 ca
681 1232 784 1312 nuptiis
799 1251 826 1288 in
848 1230 943 1290 limine
954 1231 1015 1291 aoht

239 1310 337 1368 lientur
348 1310 421 1388 quod
436 1311 583 1389 conjungit.
597 1312 667 1371 Hinc
680 1325 706 1369 ct
725 1332 782 1369 mas
795 1310 883 1388 ignis,
899 1312 972 1389 quod
991 1310 1015 1417 sti

240 1410 345 1463 scmen;
361 1411 429 1468 aqua
448 1390 566 1462 semina,
590 1391 664 1469 quod
680 1391 748 1449 fetus
764 1390 848 1449 alitur
860 1389 979 1450 humore.
993 1418 1014 1437 α

240 1472 288 1529 (id.
301 1470 336 1530 Et
348 1471 445 1529 horum
458 1472 604 1530 vinctionis
615 1470 656 1530 vis
668 1471 697 1527 V
694 1491 779 1541 επακ
791 1469 856 1529 hinc
868 1470 1002 1529 Comicus:

478 1601 547 1658 huic
558 1599 658 1658 victrix
673 1602 786 1669 Venno,

280 1691 403 1750 Videsne
414 1693 497 1750 lioec?

236 1837 289 1875 non
311 1817 383 1894 quod
405 1819 512 1876 vincere
535 1818 600 1878 volit
629 1820 740 1888 Venus,
764 1816 813 1874 sod
832 1814 944 1875 vincire.
965 1812 987 1888 If

237 1900 365 1955 Victoria
378 1897 412 1955 ab
434 1919 480 1957 co.
506 1899 578 1975 quod
602 1896 720 1976 superati
733 1895 900 1953 vinciuntur.
915 1889 982 1954 Utrit

234 1978 309 2035 testis
326 1977 412 2056 poesis
424 1977 496 2054 qood
512 1994 537 2036 ct
552 1977 673 2038 Victoria
688 1988 714 2033 et
725 1977 820 2034 Vcnus
834 1974 976 2032 dicitur&

234 2076 315 2134 gene„
327 2056 421 2115 Tellus
436 2061 506 2116 onim
519 2057 591 2134 quod
604 2057 688 2135 primo
702 2053 792 2112 vincta
808 2054 893 2127 Caelo,
907 2052 971 2113 Victt

233 2157 267 2195 ex
280 2158 322 2195 co.
346 2136 411 2195 Ideo
426 2137 483 2195 hoec
497 2159 557 2194 cum
571 2156 666 2194 corona
678 2147 703 2191 et
718 2133 824 2212 palma,
840 2131 914 2211 qood
927 2149 965 2189 cot

232 2217 352 2276 vinclum
365 2216 481 2296 capitis,
506 2230 531 2274 ct
548 2217 604 2296 ipso
620 2237 633 2272 a
649 2216 771 2272 vinctura
791 2213 894 2273 dicitur
906 2217 960 2270 vict

232 2310 271 2355 est
283 2297 395 2369 vinciri,
409 2319 424 2354 a
438 2318 492 2374 qno
503 2310 541 2354 cst
552 2296 578 2353 in
594 2296 656 2355 Sota
672 2291 773 2353 Ennii:
856 2359 861 2370 ⁸

270 2437 358 2492 Ibant
372 2436 479 2494 malaci
492 2436 572 2492 viere
586 2434 739 2490 Veneriam
754 2433 915 2510 corollam,·

227 2569 347 2647 palmo,
367 2570 441 2649 quod
454 2592 488 2629 cx
506 2584 617 2647 utraque
634 2550 711 2647 [iacto
729 2581 824 2627 notura
841 2567 925 2625 vincte

229 2650 303 2728 paria
315 2650 390 2711 folia.
401 2685 442 2698 -
452 2651 499 2711 ot.
512 2653 597 2710 Poetae
608 2649 642 2707 dc
654 2648 718 2707 caelo
727 2647 803 2726 quod
812 2666 901 2709 semen
910 2643 931 2722 ic
