2040 3420
368 558 566 637 su-n.
811 561 863 619 tu

55 690 220 753 nominatus
229 690 329 751 habent
339 703 434 763 rectos,
448 687 561 767 quidam
574 686 702 767 obliquos
716 713 723 748 r
739 690 815 768 qutod
828 691 869 750 di·

56 786 129 845 cunt
143 785 273 849 utrosque
287 770 314 829 iu
330 768 445 829 vocibus
459 781 592 848 oportere.
608 768 716 843 Quibus
734 768 807 829 idem
826 793 867 829 ro-

56 850 190 991 sflonderi
206 863 301 932 potest,
316 850 343 909 in
356 848 457 928 quibus
469 870 534 907 usus
544 861 591 907 aut
602 860 697 907 tratura
707 870 760 909 nou
771 850 866 923 subsit,

58 933 69 991 i
91 931 237 991 inoucsse
251 930 425 1009 analogia1115
440 972 447 984 .
468 975 474 988 .
493 975 500 988 .

241 1031 256 1061 'l'
460 1030 475 1060 ἦ
678 1029 693 1058 ἢ

62 1112 165 1172 -7t,
183 1154 190 1169 .
209 1156 216 1167 .
235 1159 242 1171 .
262 1154 269 1170 .
289 1108 335 1169 sed
351 1130 399 1169 uec
416 1110 444 1168 iu
458 1107 598 1169 vocabulis
611 1128 671 1186 quae
679 1107 866 1183 declinantur,

61 1192 88 1251 si
100 1202 240 1250 transeunt
253 1210 268 1247 c
282 1205 354 1249 recto
368 1211 430 1249 casu
438 1187 473 1247 'iu
484 1203 585 1248 rectum
594 1209 698 1285 casum3
709 1212 771 1268 quat
782 1206 868 1253 tamen

61 1272 121 1331 sere
133 1290 186 1330 nou
200 1267 342 1329 discedunt
355 1270 390 1327 ab
404 1270 508 1328 ratione
521 1270 579 1327 siue
588 1268 663 1347 justa
674 1289 765 1341 cattsu,
781 1287 811 1331 ut
825 1273 866 1343 hi,

62 1352 112 1429 qui
126 1348 289 1429 gladiatores
303 1352 443 1409 Faustini
454 1372 463 1424 ;
479 1368 540 1406 uam
552 1346 628 1423 quod
639 1347 760 1427 plerique
772 1349 867 1409 dicuu-

61 1444 120 1497 tur,
137 1441 168 1488 ut
184 1430 233 1488 tris
247 1443 380 1488 extremas
395 1428 516 1508 syllabas
528 1426 644 1486 habeant
660 1427 778 1499 casdem,
794 1432 865 1490 Cas-

60 1508 199 1578 cellium,
214 1508 387 1589 Aquiliani,
403 1508 566 1578 Coeciliani,
580 1507 806 1579 animadvertant,
818 1532 866 1569 uu·
903 1560 906 1565 ,

61 1586 99 1647 de
115 1588 253 1655 oriuntur,
270 1588 377 1647 uomina
395 1587 541 1647 dissimilia
553 1585 713 1657 Cascellius,
728 1588 863 1662 (lucilius,

62 1667 203 1747 Aquilius,
218 1667 233 1697 *
245 1669 267 1727 F
269 1682 384 1741 austus3
403 1667 477 1746 quod
495 1668 519 1728 si
538 1667 621 1725 esset*
638 1668 775 1739 Faustius,
793 1685 863 1730 recte

62 1746 185 1807 dicerent
198 1747 359 1807 Faustianos
373 1774 381 1821 ;
395 1750 434 1807 sic
446 1770 461 1807 a
475 1747 601 1828 Scipione
612 1745 723 1825 quidaru
737 1751 806 1809 ruule
817 1750 864 1810 di-

62 1840 128 1887 cunt
136 1826 307 1908 Scipiouinos
316 1852 325 1904 5
336 1848 397 1887 uam
408 1842 447 1887 est
457 1828 664 1907 Scipionarios.
679 1826 734 1888 Sed
745 1844 774 1888 ut
786 1830 860 1902 dixi,

61 1905 138 1985 quod
150 1906 185 1965 ab
198 1906 385 1987 hujuscemodi
399 1906 608 1986 cognominibus
620 1926 681 1965 raro
691 1906 864 1969 declinantur

61 1984 235 2066 cognomina,
256 2007 344 2066 neque
366 1986 395 2046 iu
414 2007 493 2045 usum
513 1985 593 2044 etiam
613 1986 752 2064 perducta,
772 2003 864 2047 neunt

62 2065 188 2143 quadam

265 2145 281 2176 ἡ
455 2145 471 2175 ἢ
647 2144 662 2174 ὑ

102 2227 153 2291 ld.
163 2226 233 2287 ltcm
246 2224 351 2296 dicunt,
366 2246 428 2285 cum
442 2225 477 2284 sit
487 2223 577 2284 simile
590 2223 701 2297 stultus,
718 2225 821 2302 luscus,
837 2244 862 2288 et

60 2304 170 2365 dicutur
183 2307 300 2377 stultus,
315 2305 450 2377 stultior,
465 2306 722 2378 stultissimrts,uou
740 2303 797 2364 dici
822 2309 863 2366 lu·

61 2405 134 2461 scus,
144 2386 256 2453 luscius,
268 2385 446 2456 luscissituus,
458 2385 497 2444 sic
507 2386 534 2443 iu
544 2384 596 2443 hoc
607 2403 702 2463 genere
711 2386 807 2446 inulta.
819 2388 863 2447 Ad

61 2486 124 2543 quae
137 2464 210 2542 dico,
227 2465 287 2524 ideo
304 2465 374 2537 lieri,
390 2462 464 2543 quod
482 2479 575 2523 natura
595 2484 673 2521 uerno
687 2463 763 2523 lusco
776 2468 863 2547 magis

59 2544 210 2613 sitluscus,
223 2566 286 2604 cum
300 2546 409 2605 stultior
422 2544 481 2604 sueri
492 2543 626 2603 videatur.

101 2626 151 2684 ⁷5.
165 2622 250 2700 Quod
266 2640 373 2706 rogant,
388 2646 459 2703 quor
478 2645 531 2683 uon
544 2623 667 2683 dicamus
686 2644 785 2699 mune,
801 2646 862 2685 ma-

58 2704 135 2780 nius,
149 2706 314 2779 manissiuu,
332 2705 398 2764 item
416 2703 451 2765 de
469 2703 575 2779 vesperi
594 2726 601 2762 :
620 2701 649 2761 in
666 2716 786 2783 tempore
799 2726 864 2765 vere

59 2785 149 2863 magis
162 2798 189 2845 et
207 2785 297 2844 minus
309 2806 366 2845 esse
379 2805 433 2845 uon
450 2796 548 2864 potest,
561 2797 623 2842 autc
636 2795 662 2842 et
678 2797 739 2862 post
752 2797 840 2863 potest
852 2813 862 2859 3

60 2865 155 2942 itaque
165 2867 243 2947 prius
253 2879 294 2925 est
302 2864 369 2924 hora
381 2864 468 2945 primu
480 2884 562 2942 quam
571 2860 700 2929 secunda,
712 2883 765 2921 uon
777 2866 864 2946 magis

60 2947 151 3019 hora;
174 2944 222 3005 scd
241 2944 327 3025 magis
343 2966 422 3003 mane
442 2964 552 3024 surgere
573 2957 660 3002 umen
679 2941 793 3021 dicitur,
814 2948 863 3025 qui

60 3025 151 3105 primo
167 3045 246 3085 mane
267 3024 366 3105 surgit,
379 3045 461 3104 quam
482 3024 602 3103 quinon
621 3021 720 3102 primo.
736 3024 772 3085 dt
791 3027 863 3087 euim

59 3103 119 3165 dies
127 3124 183 3166 uon
193 3118 350 3186 potestesse
361 3105 460 3186 magis,
470 3125 552 3183 quam
563 3121 659 3179 ruane;
672 3101 764 3183 itaque
773 3104 863 3188 ipsum

737 3211 748 3231 A
761 3208 772 3231 Ι
