<?xml version="1.0" encoding="UTF-8"?>
<!DOCTYPE html PUBLIC "-//W3C//DTD XHTML 1.0 Transitional//EN"
    "http://www.w3.org/TR/xhtml1/DTD/xhtml1-transitional.dtd">
<html xmlns="http://www.w3.org/1999/xhtml" xml:lang="en" lang="en">
 <head>
  <title>
</title>
<meta http-equiv="Content-Type" content="text/html;charset=utf-8" />
  <meta name='ocr-system' content='tesseract 3.04.00' />
  <meta name='ocr-capabilities' content='ocr_page ocr_carea ocr_par ocr_line ocrx_word'/>
</head>
<body>
  <div class='ocr_page' id='page_1' title='image "./mverriiflaccifr00eggegoog/mverriiflaccifr00eggegoog_0436.png"; bbox 0 0 2250 3090; ppageno 0'>
   <div class='ocr_carea' id='block_1_1' title="bbox 219 172 751 225">
    <p class='ocr_par' dir='ltr' id='par_1_1' title="bbox 219 172 751 225">
     <span class='ocr_line' id='line_1_1' title="bbox 219 172 751 225; baseline 0 -4"><span class='ocrx_word' id='word_1_1' title='bbox 219 174 258 223; x_wconf 78' lang='lat' dir='ltr'><em>tx</em></span> <span class='ocrx_word' id='word_1_2' title='bbox 281 172 284 177; x_wconf 86' lang='grc'><strong>“</strong></span> <span class='ocrx_word' id='word_1_3' title='bbox 316 198 319 203; x_wconf 94' lang='grc'>-</span> <span class='ocrx_word' id='word_1_4' title='bbox 478 181 517 219; x_wconf 75' lang='lat' dir='ltr'><em>nn</em></span> <span class='ocrx_word' id='word_1_5' title='bbox 540 177 751 225; x_wconf 75' lang='lat' dir='ltr'><em>insoninrioutr</em></span> 
     </span>
    </p>
   </div>
   <div class='ocr_carea' id='block_1_2' title="bbox 184 285 955 924">
    <p class='ocr_par' dir='ltr' id='par_1_2' title="bbox 184 285 955 843">
     <span class='ocr_line' id='line_1_2' title="bbox 256 285 955 424; baseline 0.001 -80"><span class='ocrx_word' id='word_1_6' title='bbox 256 290 438 366; x_wconf 82' lang='lat' dir='ltr'><em>geminatam</em></span> <span class='ocrx_word' id='word_1_7' title='bbox 449 285 536 343; x_wconf 91' lang='lat' dir='ltr'><em>illam</em></span> <span class='ocrx_word' id='word_1_8' title='bbox 546 285 676 343; x_wconf 81' lang='lat' dir='ltr'><em>litteram</em></span> <span class='ocrx_word' id='word_1_9' title='bbox 685 287 955 424; x_wconf 52' lang='lat' dir='ltr'><em>laberentp‘roquu</em></span> 
     </span>
     <span class='ocr_line' id='line_1_3' title="bbox 260 365 955 446; baseline 0.003 -22"><span class='ocrx_word' id='word_1_10' title='bbox 260 377 457 446; x_wconf 86' lang='lat' dir='ltr'><em>usurparuat;</em></span> <span class='ocrx_word' id='word_1_11' title='bbox 471 365 687 424; x_wconf 82' lang='lat' dir='ltr'><em>alterumeuim</em></span> <span class='ocrx_word' id='word_1_12' title='bbox 702 369 723 423; x_wconf 88' lang='lat' dir='ltr'><strong><em>I</em></strong></span> <span class='ocrx_word' id='word_1_13' title='bbox 733 369 838 424; x_wconf 85' lang='lat' dir='ltr'><em>subtra</em></span> <span class='ocrx_word' id='word_1_14' title='bbox 860 369 955 437; x_wconf 78' lang='lat' dir='ltr'><em>olmnt¹</em></span> 
     </span>
     <span class='ocr_line' id='line_1_4' title="bbox 257 444 955 526; baseline 0.003 -23"><span class='ocrx_word' id='word_1_15' title='bbox 257 449 335 504; x_wconf 81' lang='lat' dir='ltr'><em>enim</em></span> <span class='ocrx_word' id='word_1_16' title='bbox 350 444 467 503; x_wconf 85' lang='lat' dir='ltr'><em>ratione</em></span> <span class='ocrx_word' id='word_1_17' title='bbox 483 448 521 523; x_wconf 85' lang='lat' dir='ltr'><em>ab</em></span> <span class='ocrx_word' id='word_1_18' title='bbox 536 450 644 524; x_wconf 91' lang='lat' dir='ltr'><em>optimo</em></span> <span class='ocrx_word' id='word_1_19' title='bbox 658 459 743 524; x_wconf 81' lang='lat' dir='ltr'><em>posta</em></span> <span class='ocrx_word' id='word_1_20' title='bbox 764 448 888 526; x_wconf 78' lang='lat' dir='ltr'><em>Tuguri,</em></span> <span class='ocrx_word' id='word_1_21' title='bbox 898 445 955 505; x_wconf 83' lang='lat' dir='ltr'><em>Pe&#39;a</em></span> 
     </span>
     <span class='ocr_line' id='line_1_5' title="bbox 257 525 955 600; baseline 0.001 -16"><span class='ocrx_word' id='word_1_22' title='bbox 257 527 379 596; x_wconf 79' lang='lat' dir='ltr'><em>Patavi,</em></span> <span class='ocrx_word' id='word_1_23' title='bbox 395 527 453 600; x_wconf 83' lang='lat' dir='ltr'><em>ott,</em></span> <span class='ocrx_word' id='word_1_24' title='bbox 465 526 576 584; x_wconf 85' lang='lat' dir='ltr'><em>dictum</em></span> <span class='ocrx_word' id='word_1_25' title='bbox 589 528 734 585; x_wconf 74' lang='lat' dir='ltr'><em>ostilam</em></span> <span class='ocrx_word' id='word_1_26' title='bbox 744 525 912 584; x_wconf 84' lang='lat' dir='ltr'><em>Arcadium</em></span> <span class='ocrx_word' id='word_1_27' title='bbox 924 539 955 585; x_wconf 82' lang='lat' dir='ltr'><em>et</em></span> 
     </span>
     <span class='ocr_line' id='line_1_6' title="bbox 258 596 946 687; baseline 0.003 -24"><span class='ocrx_word' id='word_1_28' title='bbox 258 608 296 663; x_wconf 87' lang='lat' dir='ltr'><em>ab</em></span> <span class='ocrx_word' id='word_1_29' title='bbox 311 605 448 687; x_wconf 65' lang='lat' dir='ltr'><em>Arraplia</em></span> <span class='ocrx_word' id='word_1_30' title='bbox 458 596 599 663; x_wconf 79' lang='lat' dir='ltr'><em>declinari</em></span> <span class='ocrx_word' id='word_1_31' title='bbox 604 607 739 686; x_wconf 56' lang='lat' dir='ltr'><em>‘ejusdmn</em></span> <span class='ocrx_word' id='word_1_32' title='bbox 749 618 841 684; x_wconf 77' lang='lat' dir='ltr'><em>poeta</em></span> <span class='ocrx_word' id='word_1_33' title='bbox 855 626 946 665; x_wconf 83' lang='lat' dir='ltr'><em>versu</em></span> 
     </span>
     <span class='ocr_line' id='line_1_7' title="bbox 257 685 955 824; baseline 0.004 -80"><span class='ocrx_word' id='word_1_34' title='bbox 257 685 429 824; x_wconf 56' lang='lat' dir='ltr'><em>oonprmari</em></span> <span class='ocrx_word' id='word_1_35' title='bbox 449 698 545 764; x_wconf 82' lang='lat' dir='ltr'><em>potest</em></span> <span class='ocrx_word' id='word_1_36' title='bbox 563 686 676 766; x_wconf 80' lang='lat' dir='ltr'><em>(Georg.</em></span> <span class='ocrx_word' id='word_1_37' title='bbox 695 688 747 747; x_wconf 90' lang='lat' dir='ltr'><em>IV.</em></span> <span class='ocrx_word' id='word_1_38' title='bbox 773 687 843 744; x_wconf 66' lang='lat'>995.</span> <span class='ocrx_word' id='word_1_39' title='bbox 863 685 928 745; x_wconf 65' lang='lat' dir='ltr'><em>add„</em></span> <span class='ocrx_word' id='word_1_40' title='bbox 947 720 955 747; x_wconf 82' lang='lat' dir='ltr'><em>t</em></span> 
     </span>
     <span class='ocr_line' id='line_1_8' title="bbox 184 766 446 843; baseline 0.015 -19"><span class='ocrx_word' id='word_1_41' title='bbox 184 786 186 791; x_wconf 77' lang='grc'><strong>’</strong></span> <span class='ocrx_word' id='word_1_42' title='bbox 248 766 446 843; x_wconf 15' lang='lat' dir='ltr'>4V11,575);</span> 
     </span>
    </p>

    <p class='ocr_par' dir='ltr' id='par_1_3' title="bbox 240 845 955 924">
     <span class='ocr_line' id='line_1_9' title="bbox 240 845 955 924; baseline -0.001 -20"><span class='ocrx_word' id='word_1_43' title='bbox 240 846 266 906; x_wconf 94' lang='lat' dir='ltr'><em>T</em></span> <span class='ocrx_word' id='word_1_44' title='bbox 263 865 363 924; x_wconf 82' lang='lat' dir='ltr'><em>empus</em></span> <span class='ocrx_word' id='word_1_45' title='bbox 372 845 533 903; x_wconf 82' lang='lat' dir='ltr'><em>etAroadii</em></span> <span class='ocrx_word' id='word_1_46' title='bbox 540 845 730 903; x_wconf 81' lang='lat' dir='ltr'><em>memoranda</em></span> <span class='ocrx_word' id='word_1_47' title='bbox 740 847 955 921; x_wconf 76' lang='lat' dir='ltr'><em>iuventamagi</em></span> 
     </span>
    </p>
   </div>
   <div class='ocr_carea' id='block_1_3' title="bbox 295 934 955 1002">
    <p class='ocr_par' dir='ltr' id='par_1_4' title="bbox 295 934 955 1002">
     <span class='ocr_line' id='line_1_10' title="bbox 295 934 955 1002; baseline -0.006 -6"><span class='ocrx_word' id='word_1_48' title='bbox 295 935 375 996; x_wconf 88' lang='lat' dir='ltr'><em>Conf.</em></span> <span class='ocrx_word' id='word_1_49' title='bbox 400 934 508 996; x_wconf 83' lang='lat' dir='ltr'><em>Victor.</em></span> <span class='ocrx_word' id='word_1_50' title='bbox 533 937 602 995; x_wconf 79' lang='lat' dir='ltr'><em>Var.</em></span> <span class='ocrx_word' id='word_1_51' title='bbox 626 937 703 994; x_wconf 83' lang='lat' dir='ltr'><em>Lect.</em></span> <span class='ocrx_word' id='word_1_52' title='bbox 728 934 828 1002; x_wconf 84' lang='lat' dir='ltr'>XVII,</span> <span class='ocrx_word' id='word_1_53' title='bbox 843 937 873 994; x_wconf 82' lang='grc'><em>1.</em></span> <span class='ocrx_word' id='word_1_54' title='bbox 893 935 955 993; x_wconf 82' lang='lat' dir='ltr'><em>iden</em></span> 
     </span>
    </p>
   </div>
   <div class='ocr_carea' id='block_1_4' title="bbox 216 1014 955 2671">
    <p class='ocr_par' dir='ltr' id='par_1_5' title="bbox 216 1014 955 2671">
     <span class='ocr_line' id='line_1_11' title="bbox 217 1014 941 1094; baseline -0.003 -17"><span class='ocrx_word' id='word_1_55' title='bbox 217 1021 301 1077; x_wconf 84' lang='lat' dir='ltr'><em>Msso.</em></span> <span class='ocrx_word' id='word_1_56' title='bbox 326 1020 396 1075; x_wconf 88' lang='lat' dir='ltr'><em>notis</em></span> <span class='ocrx_word' id='word_1_57' title='bbox 421 1014 558 1074; x_wconf 84' lang='lat' dir='ltr'>Ciceronis</span> <span class='ocrx_word' id='word_1_58' title='bbox 581 1035 627 1073; x_wconf 86' lang='lat' dir='ltr'><em>res</em></span> <span class='ocrx_word' id='word_1_59' title='bbox 651 1018 780 1094; x_wconf 78' lang='lat' dir='ltr'><strong><em>mancipi</em></strong></span> <span class='ocrx_word' id='word_1_60' title='bbox 798 1015 941 1094; x_wconf 82' lang='lat' dir='ltr'>explicans</span> 
     </span>
     <span class='ocr_line' id='line_1_12' title="bbox 217 1094 948 1176; baseline -0.008 -20"><span class='ocrx_word' id='word_1_61' title='bbox 217 1097 294 1156; x_wconf 80' lang='lat' dir='ltr'>addit</span> <span class='ocrx_word' id='word_1_62' title='bbox 310 1120 317 1154; x_wconf 90' lang='lat'><strong>:</strong></span> <span class='ocrx_word' id='word_1_63' title='bbox 334 1118 422 1176; x_wconf 82' lang='lat' dir='ltr'><em>qrram</em></span> <span class='ocrx_word' id='word_1_64' title='bbox 436 1101 578 1153; x_wconf 83' lang='lat' dir='ltr'><em>rationem</em></span> <span class='ocrx_word' id='word_1_65' title='bbox 592 1094 677 1152; x_wconf 80' lang='lat' dir='ltr'><em>lodie</em></span> <span class='ocrx_word' id='word_1_66' title='bbox 687 1099 809 1174; x_wconf 86' lang='lat' dir='ltr'><em>quidam</em></span> <span class='ocrx_word' id='word_1_67' title='bbox 824 1095 948 1153; x_wconf 77' lang='lat' dir='ltr'><em>studiosi</em></span> 
     </span>
     <span class='ocr_line' id='line_1_13' title="bbox 218 1173 955 1255; baseline -0.004 -21"><span class='ocrx_word' id='word_1_68' title='bbox 218 1179 364 1255; x_wconf 86' lang='lat' dir='ltr'><em>tiquitatis</em></span> <span class='ocrx_word' id='word_1_69' title='bbox 373 1188 563 1234; x_wconf 83' lang='lat' dir='ltr'><em>renovarunt.</em></span> <span class='ocrx_word' id='word_1_70' title='bbox 575 1174 630 1247; x_wconf 91' lang='lat' dir='ltr'><em>Qui</em></span> <span class='ocrx_word' id='word_1_71' title='bbox 643 1173 681 1233; x_wconf 86' lang='lat' dir='ltr'><em>illi</em></span> <span class='ocrx_word' id='word_1_72' title='bbox 692 1189 756 1233; x_wconf 85' lang='lat' dir='ltr'><em>tunc</em></span> <span class='ocrx_word' id='word_1_73' title='bbox 765 1175 894 1254; x_wconf 84' lang='lat' dir='ltr'><em>temporis</em></span> <span class='ocrx_word' id='word_1_74' title='bbox 902 1175 955 1233; x_wconf 82' lang='lat' dir='ltr'><em>fusi</em></span> 
     </span>
     <span class='ocr_line' id='line_1_14' title="bbox 218 1254 955 1333; baseline -0.003 -20"><span class='ocrx_word' id='word_1_75' title='bbox 218 1277 261 1313; x_wconf 85' lang='lat' dir='ltr'><em>mo</em></span> <span class='ocrx_word' id='word_1_76' title='bbox 280 1256 381 1314; x_wconf 85' lang='lat' dir='ltr'><em>nescire</em></span> <span class='ocrx_word' id='word_1_77' title='bbox 391 1254 486 1313; x_wconf 83' lang='lat' dir='ltr'><em>fateor.</em></span> <span class='ocrx_word' id='word_1_78' title='bbox 501 1257 646 1314; x_wconf 83' lang='lat' dir='ltr'><em>Decurtnta</em></span> <span class='ocrx_word' id='word_1_79' title='bbox 656 1254 768 1333; x_wconf 78' lang='lat' dir='ltr'><em>genitivi</em></span> <span class='ocrx_word' id='word_1_80' title='bbox 781 1255 866 1312; x_wconf 78' lang='lat' dir='ltr'><em>forma</em></span> <span class='ocrx_word' id='word_1_81' title='bbox 879 1254 907 1312; x_wconf 92' lang='lat' dir='ltr'><em>in</em></span> <span class='ocrx_word' id='word_1_82' title='bbox 916 1274 955 1331; x_wconf 84' lang='lat' dir='ltr'><em>qn</em></span> 
     </span>
     <span class='ocr_line' id='line_1_15' title="bbox 217 1333 953 1412; baseline -0.001 -20"><span class='ocrx_word' id='word_1_83' title='bbox 217 1336 272 1397; x_wconf 78' lang='lat' dir='ltr'><em>irre</em></span> <span class='ocrx_word' id='word_1_84' title='bbox 281 1335 400 1393; x_wconf 87' lang='lat' dir='ltr'><em>occurrit</em></span> <span class='ocrx_word' id='word_1_85' title='bbox 414 1334 554 1412; x_wconf 82' lang='lat' dir='ltr'><em>scriptore,</em></span> <span class='ocrx_word' id='word_1_86' title='bbox 567 1347 594 1391; x_wconf 82' lang='lat' dir='ltr'><em>et</em></span> <span class='ocrx_word' id='word_1_87' title='bbox 606 1357 660 1412; x_wconf 86' lang='lat' dir='ltr'><em>qun</em></span> <span class='ocrx_word' id='word_1_88' title='bbox 673 1334 856 1392; x_wconf 69' lang='lat' dir='ltr'><em>vetustiores</em></span> <span class='ocrx_word' id='word_1_89' title='bbox 868 1333 953 1393; x_wconf 83' lang='lat' dir='ltr'><em>oodex</em></span> 
     </span>
     <span class='ocr_line' id='line_1_16' title="bbox 216 1411 954 1492; baseline -0.001 -20"><span class='ocrx_word' id='word_1_90' title='bbox 216 1415 384 1492; x_wconf 80' lang='lat' dir='ltr'><em>frequentius</em></span> <span class='ocrx_word' id='word_1_91' title='bbox 393 1413 542 1473; x_wconf 86' lang='lat' dir='ltr'><em>invenitur.</em></span> <span class='ocrx_word' id='word_1_92' title='bbox 557 1415 602 1474; x_wconf 87' lang='lat' dir='ltr'><em>Sic</em></span> <span class='ocrx_word' id='word_1_93' title='bbox 613 1416 641 1472; x_wconf 90' lang='lat' dir='ltr'><em>in</em></span> <span class='ocrx_word' id='word_1_94' title='bbox 652 1413 811 1474; x_wconf 80' lang='lat' dir='ltr'><em>Florentino</em></span> <span class='ocrx_word' id='word_1_95' title='bbox 826 1411 918 1473; x_wconf 86' lang='lat' dir='ltr'><em>oodice</em></span> <span class='ocrx_word' id='word_1_96' title='bbox 931 1411 954 1471; x_wconf 86' lang='lat' dir='ltr'>T</span> 
     </span>
     <span class='ocr_line' id='line_1_17' title="bbox 217 1492 955 1569; baseline -0.004 -17"><span class='ocrx_word' id='word_1_97' title='bbox 217 1494 238 1552; x_wconf 82' lang='lat' dir='ltr'><em>ti</em></span> <span class='ocrx_word' id='word_1_98' title='bbox 252 1516 279 1552; x_wconf 88' lang='lat' dir='ltr'><em>v.</em></span> <span class='ocrx_word' id='word_1_99' title='bbox 294 1516 319 1553; x_wconf 90' lang='lat' dir='ltr'><em>c.</em></span> <span class='ocrx_word' id='word_1_100' title='bbox 337 1494 436 1553; x_wconf 83' lang='lat' dir='ltr'><em>Annnl.</em></span> <span class='ocrx_word' id='word_1_101' title='bbox 453 1492 513 1569; x_wconf 85' lang='lat' dir='ltr'><em>XI,</em></span> <span class='ocrx_word' id='word_1_102' title='bbox 527 1497 556 1552; x_wconf 85' lang='lat' dir='ltr'><em>t.</em></span> <span class='ocrx_word' id='word_1_103' title='bbox 573 1499 599 1553; x_wconf 79' lang='lat' dir='ltr'><em>A</em></span> <span class='ocrx_word' id='word_1_104' title='bbox 606 1507 615 1550; x_wconf 94' lang='lat' dir='ltr'><em>t</em></span> <span class='ocrx_word' id='word_1_105' title='bbox 634 1495 827 1553; x_wconf 85' lang='lat' dir='ltr'><em>Claudius...</em></span> <span class='ocrx_word' id='word_1_106' title='bbox 845 1494 955 1568; x_wconf 78' lang='lat' dir='ltr'><em>Crispin</em></span> 
     </span>
     <span class='ocr_line' id='line_1_18' title="bbox 219 1572 952 1654; baseline -0.007 -21"><span class='ocrx_word' id='word_1_107' title='bbox 219 1574 344 1633; x_wconf 85' lang='lat' dir='ltr'><em>Praetori</em></span> <span class='ocrx_word' id='word_1_108' title='bbox 350 1575 520 1654; x_wconf 63' lang='lat' dir='ltr'><em>profectum</em></span> <span class='ocrx_word' id='word_1_109' title='bbox 530 1577 620 1641; x_wconf 86' lang='lat' dir='ltr'><em>misit,</em></span> <span class='ocrx_word' id='word_1_110' title='bbox 630 1594 683 1632; x_wconf 90' lang='lat' dir='ltr'><em>non</em></span> <span class='ocrx_word' id='word_1_111' title='bbox 692 1577 834 1649; x_wconf 78' lang='lat' dir='ltr'><em>pratorii.</em></span> <span class='ocrx_word' id='word_1_112' title='bbox 844 1572 895 1649; x_wconf 84' lang='lat' dir='ltr'><em>XI,</em></span> <span class='ocrx_word' id='word_1_113' title='bbox 904 1572 952 1633; x_wconf 82' lang='lat'><em>55.</em></span> 
     </span>
     <span class='ocr_line' id='line_1_19' title="bbox 219 1653 955 1732; baseline -0.007 -20"><span class='ocrx_word' id='word_1_114' title='bbox 219 1677 283 1714; x_wconf 88' lang='lat' dir='ltr'><em>rum</em></span> <span class='ocrx_word' id='word_1_115' title='bbox 300 1654 458 1712; x_wconf 76' lang='lat' dir='ltr'><em>iuter&#39;lraeo</em></span> <span class='ocrx_word' id='word_1_116' title='bbox 475 1655 622 1712; x_wconf 83' lang='lat' dir='ltr'><em>silentium</em></span> <span class='ocrx_word' id='word_1_117' title='bbox 644 1655 753 1712; x_wconf 83' lang='lat' dir='ltr'><em>Claudi</em></span> <span class='ocrx_word' id='word_1_118' title='bbox 768 1678 776 1710; x_wconf 85' lang='lat'><em>.·</em></span> <span class='ocrx_word' id='word_1_119' title='bbox 791 1653 893 1711; x_wconf 65' lang='lat' dir='ltr'><em>,lulius</em></span> <span class='ocrx_word' id='word_1_120' title='bbox 912 1656 955 1732; x_wconf 79' lang='lat' dir='ltr'><em>ign</em></span> 
     </span>
     <span class='ocr_line' id='line_1_20' title="bbox 217 1732 955 1814; baseline -0.004 -22"><span class='ocrx_word' id='word_1_121' title='bbox 217 1739 344 1814; x_wconf 79' lang='lat' dir='ltr'><em>propior.</em></span> <span class='ocrx_word' id='word_1_122' title='bbox 356 1755 425 1807; x_wconf 89' lang='lat' dir='ltr'><em>non:</em></span> <span class='ocrx_word' id='word_1_123' title='bbox 439 1735 572 1792; x_wconf 83' lang='lat' dir='ltr'><em>Claudii:</em></span> <span class='ocrx_word' id='word_1_124' title='bbox 586 1733 722 1792; x_wconf 68' lang='lat' dir='ltr'><em>stretton</em></span> <span class='ocrx_word' id='word_1_125' title='bbox 732 1746 758 1790; x_wconf 86' lang='lat' dir='ltr'><em>et</em></span> <span class='ocrx_word' id='word_1_126' title='bbox 769 1732 808 1790; x_wconf 85' lang='lat' dir='ltr'><em>sic</em></span> <span class='ocrx_word' id='word_1_127' title='bbox 820 1732 928 1811; x_wconf 83' lang='lat' dir='ltr'><em>saepius.</em></span> <span class='ocrx_word' id='word_1_128' title='bbox 941 1733 955 1789; x_wconf 65' lang='lat' dir='ltr'><em>l</em></span> 
     </span>
     <span class='ocr_line' id='line_1_21' title="bbox 220 1809 955 1888; baseline -0.005 -16"><span class='ocrx_word' id='word_1_129' title='bbox 220 1815 292 1873; x_wconf 85' lang='lat' dir='ltr'><em>ronis</em></span> <span class='ocrx_word' id='word_1_130' title='bbox 304 1813 393 1871; x_wconf 85' lang='lat' dir='ltr'><em>ndhno</em></span> <span class='ocrx_word' id='word_1_131' title='bbox 404 1828 480 1871; x_wconf 79' lang='lat' dir='ltr'><em>aetate</em></span> <span class='ocrx_word' id='word_1_132' title='bbox 491 1835 571 1872; x_wconf 84' lang='lat' dir='ltr'><em>usum</em></span> <span class='ocrx_word' id='word_1_133' title='bbox 580 1828 695 1871; x_wconf 82' lang='lat' dir='ltr'><em>veterem</em></span> <span class='ocrx_word' id='word_1_134' title='bbox 704 1814 856 1888; x_wconf 79' lang='lat' dir='ltr'><em>frequenter</em></span> <span class='ocrx_word' id='word_1_135' title='bbox 865 1809 955 1870; x_wconf 85' lang='lat' dir='ltr'><em>domin</em></span> 
     </span>
     <span class='ocr_line' id='line_1_22' title="bbox 221 1892 893 1973; baseline -0.007 -21"><span class='ocrx_word' id='word_1_136' title='bbox 221 1907 291 1973; x_wconf 83' lang='lat' dir='ltr'><em>potet</em></span> <span class='ocrx_word' id='word_1_137' title='bbox 305 1915 339 1952; x_wconf 80' lang='lat' dir='ltr'><em>ox</em></span> <span class='ocrx_word' id='word_1_138' title='bbox 352 1895 431 1963; x_wconf 80' lang='lat' dir='ltr'><strong>VIII,</strong></span> <span class='ocrx_word' id='word_1_139' title='bbox 446 1893 496 1966; x_wconf 71' lang='lat' dir='ltr'><em>ts,</em></span> <span class='ocrx_word' id='word_1_140' title='bbox 512 1892 546 1950; x_wconf 86' lang='lat' dir='ltr'><em>do</em></span> <span class='ocrx_word' id='word_1_141' title='bbox 561 1893 641 1968; x_wconf 67' lang='lat' dir='ltr'><em>Lingv</em></span> <span class='ocrx_word' id='word_1_142' title='bbox 660 1895 720 1951; x_wconf 87' lang='lat' dir='ltr'><em>Lat.</em></span> <span class='ocrx_word' id='word_1_143' title='bbox 737 1917 743 1948; x_wconf 74' lang='grc' dir='ltr'>ε</span> <span class='ocrx_word' id='word_1_144' title='bbox 887 1905 893 1911; x_wconf 89' lang='grc'><strong><em>·</em></strong></span> 
     </span>
     <span class='ocr_line' id='line_1_23' title="bbox 260 1973 955 2040; baseline -0.004 -9"><span class='ocrx_word' id='word_1_145' title='bbox 260 1974 412 2031; x_wconf 83' lang='lat' dir='ltr'><em>Dissimile</em></span> <span class='ocrx_word' id='word_1_146' title='bbox 421 1974 548 2031; x_wconf 91' lang='lat' dir='ltr'><em>Plautus</em></span> <span class='ocrx_word' id='word_1_147' title='bbox 561 1986 590 2029; x_wconf 87' lang='lat' dir='ltr'><em>et</em></span> <span class='ocrx_word' id='word_1_148' title='bbox 605 1973 754 2040; x_wconf 87' lang='lat' dir='ltr'><em>Plautius,</em></span> <span class='ocrx_word' id='word_1_149' title='bbox 768 1983 796 2028; x_wconf 85' lang='lat' dir='ltr'><em>et</em></span> <span class='ocrx_word' id='word_1_150' title='bbox 817 1989 955 2028; x_wconf 78' lang='lat' dir='ltr'><em>commum</em></span> 
     </span>
     <span class='ocr_line' id='line_1_24' title="bbox 260 2051 785 2133; baseline -0.006 -23"><span class='ocrx_word' id='word_1_151' title='bbox 260 2053 357 2133; x_wconf 79' lang='lat' dir='ltr'><em>liujus,</em></span> <span class='ocrx_word' id='word_1_152' title='bbox 369 2053 475 2110; x_wconf 89' lang='lat' dir='ltr'><em>Plauti</em></span> <span class='ocrx_word' id='word_1_153' title='bbox 487 2067 535 2110; x_wconf 83' lang='lat' dir='ltr'><em>:et</em></span> <span class='ocrx_word' id='word_1_154' title='bbox 549 2055 654 2124; x_wconf 80' lang='lat' dir='ltr'><em>Marci,</em></span> <span class='ocrx_word' id='word_1_155' title='bbox 672 2051 785 2109; x_wconf 88' lang='lat' dir='ltr'><em>Plauti.</em></span> 
     </span>
     <span class='ocr_line' id='line_1_25' title="bbox 221 2127 955 2212; baseline -0.005 -22"><span class='ocrx_word' id='word_1_156' title='bbox 221 2133 264 2190; x_wconf 84' lang='lat' dir='ltr'><em>cni</em></span> <span class='ocrx_word' id='word_1_157' title='bbox 279 2132 467 2212; x_wconf 78' lang='lat' dir='ltr'><em>adjungendus</em></span> <span class='ocrx_word' id='word_1_158' title='bbox 478 2133 562 2192; x_wconf 88' lang='lat' dir='ltr'><em>Gellii</em></span> <span class='ocrx_word' id='word_1_159' title='bbox 571 2131 646 2190; x_wconf 90' lang='lat' dir='ltr'><em>locus</em></span> <span class='ocrx_word' id='word_1_160' title='bbox 657 2132 709 2197; x_wconf 83' lang='lat' dir='ltr'>lll,</span> <span class='ocrx_word' id='word_1_161' title='bbox 721 2131 751 2188; x_wconf 82' lang='lat'><em>5.</em></span> <span class='ocrx_word' id='word_1_162' title='bbox 769 2151 830 2209; x_wconf 79' lang='lat' dir='ltr'><em>pag.</em></span> <span class='ocrx_word' id='word_1_163' title='bbox 843 2127 955 2188; x_wconf 62' lang='grc'><strong>970601</strong></span> 
     </span>
     <span class='ocr_line' id='line_1_26' title="bbox 262 2211 955 2289; baseline -0.014 -17"><span class='ocrx_word' id='word_1_164' title='bbox 262 2215 301 2272; x_wconf 86' lang='lat' dir='ltr'><em>Ia</em></span> <span class='ocrx_word' id='word_1_165' title='bbox 314 2213 413 2271; x_wconf 84' lang='lat' dir='ltr'><em>eodem</em></span> <span class='ocrx_word' id='word_1_166' title='bbox 435 2213 509 2270; x_wconf 83' lang='lat' dir='ltr'><em>libro</em></span> <span class='ocrx_word' id='word_1_167' title='bbox 532 2214 671 2269; x_wconf 87' lang='lat' dir='ltr'><em>Varronis</em></span> <span class='ocrx_word' id='word_1_168' title='bbox 690 2211 722 2266; x_wconf 86' lang='lat' dir='ltr'><em>id</em></span> <span class='ocrx_word' id='word_1_169' title='bbox 743 2229 859 2289; x_wconf 83' lang='lat' dir='ltr'><em>quoque</em></span> <span class='ocrx_word' id='word_1_170' title='bbox 878 2212 955 2283; x_wconf 80' lang='lat' dir='ltr'><em>script</em></span> 
     </span>
     <span class='ocr_line' id='line_1_27' title="bbox 261 2294 955 2371; baseline -0.013 -21"><span class='ocrx_word' id='word_1_171' title='bbox 261 2294 414 2350; x_wconf 91' lang='lat' dir='ltr'><em>Plautium</em></span> <span class='ocrx_word' id='word_1_172' title='bbox 436 2294 529 2370; x_wconf 75' lang='lat' dir='ltr'><em>fuisso</em></span> <span class='ocrx_word' id='word_1_173' title='bbox 544 2296 707 2371; x_wconf 82' lang='lat' dir='ltr'><em>quempiam</em></span> <span class='ocrx_word' id='word_1_174' title='bbox 725 2302 843 2368; x_wconf 81' lang='lat' dir='ltr'><em>poetam</em></span> <span class='ocrx_word' id='word_1_175' title='bbox 863 2304 955 2346; x_wconf 75' lang='lat' dir='ltr'><em>comat</em></span> 
     </span>
     <span class='ocr_line' id='line_1_28' title="bbox 261 2361 955 2453; baseline -0.012 -22"><span class='ocrx_word' id='word_1_176' title='bbox 261 2393 336 2448; x_wconf 84' lang='lat' dir='ltr'><em>rum,</em></span> <span class='ocrx_word' id='word_1_177' title='bbox 346 2361 576 2453; x_wconf 58' lang='lat' dir='ltr'><em>cujus&#39;quoniam</em></span> <span class='ocrx_word' id='word_1_178' title='bbox 582 2371 695 2450; x_wconf 79' lang='lat' dir='ltr'><em>sabula</em></span> <span class='ocrx_word' id='word_1_179' title='bbox 702 2370 788 2428; x_wconf 86' lang='lat' dir='ltr'><em>PLA</em></span> <span class='ocrx_word' id='word_1_180' title='bbox 794 2370 867 2427; x_wconf 84' lang='lat' dir='ltr'><em>UTI</em></span> <span class='ocrx_word' id='word_1_181' title='bbox 871 2367 955 2440; x_wconf 71' lang='lat' dir='ltr'><em>inseri]</em></span> 
     </span>
     <span class='ocr_line' id='line_1_29' title="bbox 260 2450 951 2532; baseline -0.01 -22"><span class='ocrx_word' id='word_1_182' title='bbox 260 2454 369 2527; x_wconf 72' lang='lat' dir='ltr'><em>forent,</em></span> <span class='ocrx_word' id='word_1_183' title='bbox 386 2465 521 2531; x_wconf 84' lang='lat' dir='ltr'><em>acceptas</em></span> <span class='ocrx_word' id='word_1_184' title='bbox 533 2472 595 2510; x_wconf 86' lang='lat' dir='ltr'><em>esse</em></span> <span class='ocrx_word' id='word_1_185' title='bbox 608 2454 694 2532; x_wconf 70' lang='lat' dir='ltr'><em>attasi</em></span> <span class='ocrx_word' id='word_1_186' title='bbox 707 2450 878 2521; x_wconf 84' lang='lat' dir='ltr'><em>Plautinas,</em></span> <span class='ocrx_word' id='word_1_187' title='bbox 890 2463 951 2504; x_wconf 85' lang='lat' dir='ltr'><em>aum</em></span> 
     </span>
     <span class='ocr_line' id='line_1_30' title="bbox 261 2523 955 2603; baseline -0.007 -14"><span class='ocrx_word' id='word_1_188' title='bbox 261 2546 325 2590; x_wconf 86' lang='lat' dir='ltr'><em>sont</em></span> <span class='ocrx_word' id='word_1_189' title='bbox 345 2554 404 2591; x_wconf 88' lang='lat' dir='ltr'><em>non</em></span> <span class='ocrx_word' id='word_1_190' title='bbox 421 2555 448 2591; x_wconf 94' lang='lat' dir='ltr'><em>a·</em></span> <span class='ocrx_word' id='word_1_191' title='bbox 460 2533 571 2591; x_wconf 92' lang='lat' dir='ltr'><em>Plauto</em></span> <span class='ocrx_word' id='word_1_192' title='bbox 596 2532 763 2603; x_wconf 79' lang='lat' dir='ltr'><em>Plautina,</em></span> <span class='ocrx_word' id='word_1_193' title='bbox 784 2530 836 2587; x_wconf 84' lang='lat' dir='ltr'><em>sed</em></span> <span class='ocrx_word' id='word_1_194' title='bbox 856 2548 876 2586; x_wconf 92' lang='lat' dir='ltr'><em>a</em></span> <span class='ocrx_word' id='word_1_195' title='bbox 892 2523 955 2584; x_wconf 82' lang='lat' dir='ltr'><em>Pla</em></span> 
     </span>
     <span class='ocr_line' id='line_1_31' title="bbox 262 2614 440 2671; baseline 0.011 -2"><span class='ocrx_word' id='word_1_196' title='bbox 262 2614 440 2671; x_wconf 84' lang='lat' dir='ltr'><em>Plautianae.</em></span> 
     </span>
    </p>
   </div>
   <div class='ocr_carea' id='block_1_5' title="bbox 302 2705 955 2795">
    <p class='ocr_par' dir='ltr' id='par_1_6' title="bbox 302 2705 955 2795">
     <span class='ocr_line' id='line_1_32' title="bbox 302 2705 955 2795; baseline -0.006 -27"><span class='ocrx_word' id='word_1_197' title='bbox 302 2712 352 2771; x_wconf 79' lang='lat' dir='ltr'><em>Illa</em></span> <span class='ocrx_word' id='word_1_198' title='bbox 375 2715 512 2795; x_wconf 78' lang='lat' dir='ltr'><em>superiora</em></span> <span class='ocrx_word' id='word_1_199' title='bbox 533 2712 664 2774; x_wconf 83' lang='lat' dir='ltr'><em>Varronis</em></span> <span class='ocrx_word' id='word_1_200' title='bbox 685 2711 770 2771; x_wconf 84' lang='lat' dir='ltr'><em>verba</em></span> <span class='ocrx_word' id='word_1_201' title='bbox 787 2710 822 2769; x_wconf 82' lang='lat' dir='ltr'><em>ab</em></span> <span class='ocrx_word' id='word_1_202' title='bbox 844 2705 955 2794; x_wconf 55' lang='lat' dir='ltr'><em>adversar</em></span> 
     </span>
    </p>
   </div>
   <div class='ocr_carea' id='block_1_6' title="bbox 0 0 1130 3090">
    <p class='ocr_par' dir='ltr' id='par_1_7' title="bbox 0 0 1130 3090">
     <span class='ocr_line' id='line_1_33' title="bbox 0 0 1130 3090; baseline 0 0"><span class='ocrx_word' id='word_1_203' title='bbox 0 0 1130 3090; x_wconf 95' lang='lat' dir='ltr'><em> </em></span> 
     </span>
    </p>
   </div>
  </div>
 </body>
</html>
