2040 3420
179 129 198 165 X
478 124 495 161 E
516 122 708 161 Paffirarloua·

179 237 319 297 literarum
334 233 480 294 amantiora
491 248 632 315 exceptos,
653 248 699 307 et,
722 252 757 291 ne
783 231 894 315 penitus
909 237 977 315 peri·

178 320 236 393 re'nt
245 363 255 391 ‚
271 338 324 394 qua
346 318 432 374 forma
451 329 477 374 et
499 316 589 395 speeie
614 328 706 387 erant,
728 312 853 371 librariis
871 317 978 392 parmis-

177 417 246 470 aos,
271 394 480 474 transscripturi,
505 394 531 453 iu
561 391 811 474 pubiicumeditos
836 394 918 453 esse?
935 396 980 457 'Sir

178 475 201 535 si
225 496 330 536 meeum
355 474 472 550 statuis,
495 496 510 531 a
535 476 659 534 Varrone
682 471 798 543 bilibri
827 471 896 532 editi
923 488 979 534 aaut

178 570 204 615 et
227 576 286 647 ,non
305 554 383 631 editi,
410 552 445 612 ad
465 552 622 612 Ciceronem
645 566 733 612 autem
761 551 858 633 scripti
884 566 913 613 et
933 574 978 614 aar

180 657 232 695 serr
255 650 286 698 tr.
495 646 499 651 '

223 658 359 776 deotemus
371 711 510 791 disputavi
520 710 754 793 exprobabilibus
762 712 979 775 :nrrucdemout-

177 807 251 852 trare
263 792 378 854 studebo
392 836 400 864 ‚
415 791 501 873 ipsam
523 792 621 851 borum
641 791 775 852 librorum
794 792 915 853 formam
928 816 979 855 erae

177 895 254 946 eam,
271 886 300 933 ut
310 885 449 953 appareat,
462 872 606 931 accelerato
620 870 732 950 etquasi
742 869 894 935 immaturo
903 888 979 956 partu

177 974 222 1013 eos
236 953 323 1013 editus
337 973 402 1011 esse.
420 954 482 1011 Non
497 951 619 1029 insistam
632 950 743 1030 quidem
758 950 784 1008 in
801 973 831 1010 ea
846 974 879 1012 re
893 955 980 1015 verbu

177 1035 312 1093 Varronis
333 1031 501 1091 Ciceroniani
513 1033 636 1109 politius
657 1031 716 1091 baee
733 1050 793 1090 ase
811 1033 934 1093 limaria
954 1046 980 1093 at

176 1113 274 1171 notabo
294 1126 402 1183 umen,
424 1109 458 1169 do
481 1113 522 1170 Re
543 1111 656 1171 Rustica
680 1110 766 1169 libros
787 1110 879 1171 multo
896 1112 979 1195 magia

176 1190 289 1269 politam
313 1205 340 1250 at
356 1188 505 1269 elegantius
528 1189 692 1250 elaboratam
713 1189 830 1271 speeiem
854 1193 978 1265 ostem,

120 1281 124 1288 “
175 1290 257 1347 quam
278 1270 314 1331 da
337 1270 444 1350 Lingua
458 1269 553 1330 Latina
572 1290 624 1330 nun
646 1269 727 1331 modo
747 1268 874 1349 singulos
887 1272 978 1347 locor,

175 1349 222 1408 sed
235 1351 393 1411 universum
405 1348 604 1439 opus.Sedexi
639 1348 663 1408 is
673 1350 717 1410 his
727 1348 807 1426 libris
817 1348 978 1413 documenta

176 1432 333 1510 protraham
346 1429 448 1490 laboris
458 1430 579 1489 nondum
591 1370 709 1489 absoluti
721 1452 730 1505 ;
745 1449 841 1509 eaque,
852 1450 921 1491 cum
930 1450 976 1491 nu·

175 1530 250 1570 mero
264 1511 349 1572 multa
362 1509 427 1582 sint,
443 1509 469 1568 iu
484 1509 583 1569 classes
597 1508 728 1588 quasdam
741 1507 881 1588 digeram,
893 1511 975 1572 lerio-

174 1589 251 1650 ribus
261 1588 416 1672 praemissis,
427 1589 530 1648 scilicet
543 1600 575 1647 ut
583 1602 661 1647 roret
672 1600 831 1668 antequam
839 1591 940 1670 pluat.

214 1672 307 1732 Varro
317 1670 351 1729 de
367 1668 464 1728 iisdem
478 1670 558 1728 rebus
575 1667 668 1727 eadam
681 1666 750 1728 dicit
762 1666 882 1730 dirersis
901 1669 973 1730 loeia

174 1748 221 1808 Sic
240 1751 406 1811 vocabulum
416 1747 500 1827 jubar
515 1746 610 1807 iisdem
632 1761 771 1827 poetarum
786 1749 917 1808 versibus
930 1746 976 1807 ad-

173 1826 263 1888 ductis
273 1830 315 1889 bis
328 1827 447 1909 explieat
456 1872 465 1904 ,
482 1830 533 1893 Vl,
544 1831 574 1888 (i.
591 1828 659 1902 Vll,
675 1828 724 1887 76.
741 1827 833 1897 Canis,
844 1826 977 1907 quotiea-

173 1921 219 1966 nat
232 1949 240 1978 ,
253 1922 282 1967 ut
292 1909 368 1988 signa
382 1922 499 1982 canunt,
513 1907 604 1967 dictus
622 1928 680 1967 esse
693 1904 812 1965 traditur
823 1910 850 1967 V
862 1953 870 1970 ,
884 1910 937 1969 92.
951 1920 977 1965 et

174 1987 244 2060 Vll,
255 1991 305 2048 52.
319 1993 427 2050 Merces
441 1987 634 2068 explicaturV
648 1987 708 2058 ‚dd
722 1999 748 2044 et
762 1984 832 2050 178.
849 2007 904 2047 uon
919 1987 978 2045 sine

172 2066 227 2124 levi
242 2067 419 2142 discrimioe3
434 2067 525 2145 itaque
540 2066 594 2126 bor
603 2064 758 2146 exemplum
772 2067 829 2147 jam
840 2066 977 2147 proximis

172 2148 424 2230 recenseripoterit.
721 2142 727 2157 ’

213 2229 305 2287 Varro
318 2229 352 2288 de.
366 2225 463 2287 iisdem
477 2226 559 2285 rebus
571 2224 680 2287 diversa
699 2222 783 2285 tradit
800 2223 919 2285 diversis
934 2226 976 2284 io·

171 2306 221 2364 cis.
234 2307 284 2368 sio
294 2311 333 2382 V,
348 2312 398 2368 71.
410 2306 554 2386 lympham
568 2306 604 2364 ab
617 2326 694 2384 aqum
704 2305 783 2385 lapsu
799 2303 908 2364 lubrico
929 2305 975 2365 di·

172 2400 241 2444 ctam
250 2387 426 2461 scribit‚VIl.
441 2386 489 2446 8⁷.
501 2385 663 2465 aNympha.
677 2384 796 2444 Gravius
806 2385 976 2445 estaitarum

172 2466 328 2549 exemplum
341 2513 349 2543 ‚
364 2466 436 2547 qrrod
454 2467 570 2538 V1,5a.
588 2464 728 2525 vaticinari
742 2484 759 2523 a
772 2484 870 2523 vesana
884 2478 976 2524 mente

159 2544 268 2612 dictum
283 2548 401 2631 statuit,
416 2547 501 2635 idque
513 2560 593 2635 poat,
606 2566 671 2606 eum
682 2542 718 2602 da
726 2543 815 2635 peetia
823 2540 975 2635 dicendum

145 2630 197 2713 sit,
213 2633 246 2697 id
257 2653 302 2702 ost
313 2641 442 2727 septimo
452 2635 530 2701 iibio
544 2631 595 2718 qui
608 2642 653 2692 eat
663 2622 988 2706 topeuuuomua,
