2250 3090
223 149 264 211 68
512 170 599 208 utnnn
619 170 734 211 sextus.

220 281 295 340 valet
307 278 382 359 quod
399 291 481 354 ante,
497 294 528 339 ut
539 280 637 347 inhoc
652 304 659 344 :
677 281 818 360 protudit.
834 281 901 343 Ideo
917 297 1016 343 atteret

220 360 395 441 pronuntiare
414 358 555 433 dicuntur,
576 361 651 438 quod
670 363 699 420 in
718 361 861 441 proseenio
880 363 1017 423 enuntiant

219 452 298 521 poeta
311 439 444 519 cogitante
455 463 465 518 3
480 439 554 518 quod
566 461 693 500 maxume
709 455 767 500 tum
780 440 884 502 dieitur
895 444 1015 524 piuprie,'

218 540 317 578 novam
336 519 457 579 fabulam
480 541 543 579 eum
562 533 655 600 agunt
677 522 807 582 Nuntius
827 522 900 581 enim
922 537 963 582 eet
982 522 1015 581 ab

218 599 313 660 novis*
333 600 414 659 rebus
430 601 593 675 nominatus,
613 601 719 678 quode
741 601 826 661 verbo
847 602 946 663 Graeco
962 603 1013 668 νέος

216 691 305 759 potest
317 678 498 756 declinatum
508 679 544 737 ab
552 700 583 738 eo
593 679 682 756 itaque
694 680 823 760 Neapolis
835 680 948 740 illorum
956 683 1012 741 Ne·

220 758 331 839 vapoiis
348 760 383 818 ab
403 759 520 837 antiquis
540 759 639 818 nostris
657 759 783 821 uocitata.
796 792 840 807 -
853 763 904 821 592
920 764 946 820 A
961 782 1008 839 que
1043 800 1045 807 ι

217 838 298 897 etiam
319 853 469 899 extremum
490 842 681 898 novissimum
697 860 805 918 quoque
821 838 879 898 diei
899 856 1007 922 emptum

216 919 309 998 volgo,
317 917 391 998 quod
401 937 459 976 mea
468 919 596 978 memoria
605 931 636 976 ut
647 918 749 994 AElius,
760 920 801 979 sie
811 939 890 979 senes
899 920 1004 999 aliquot,

216 997 332 1057 nimium
345 1018 443 1058 novom
454 999 568 1057 verbum
579 997 653 1077 quod
664 1012 744 1073 esset,
757 999 903 1077 vitabant3
918 1000 1005 1081 qunjtt
1031 1002 1038 1015 “

216 1078 305 1156 origo,
326 1091 356 1135 ut
373 1100 390 1136 a
407 1090 497 1137 vetere
513 1077 646 1137 vetustius
667 1098 698 1136 ae
715 1078 905 1154 veterrimum,
924 1077 1004 1139 sicii

216 1176 287 1215 novo
305 1155 470 1217 declinatum
485 1157 582 1217 novius
599 1170 625 1215 et
642 1157 822 1218 novissimum
837 1157 915 1237 quod
928 1172 1003 1219 extit·
1042 1182 1045 1215 i

214 1254 303 1298 mum.
319 1235 364 1296 sie
380 1237 416 1296 ab
433 1234 526 1295 eadem
544 1235 647 1316 origine
663 1240 780 1297 novitas
793 1251 821 1296 et
838 1241 1002 1298 noviciuset

214 1315 332 1375 novalis
342 1315 371 1375 in
384 1334 450 1396 egro
462 1328 489 1374 et
503 1317 561 1376 Sub
572 1319 655 1376 novis
666 1315 740 1375 dictu
751 1338 814 1396 pars
828 1316 857 1375 in
867 1316 928 1376 sore
953 1315 1000 1376 att

213 1394 348 1474 iicinrum,
358 1394 433 1475 quod
447 1395 612 1456 vocabulum
625 1397 648 1453 ei
662 1408 860 1475 pervetustum,
876 1409 910 1454 ut
925 1398 997 1456 Non

214 1479 290 1551 vite,
305 1496 365 1555 que
378 1475 425 1538 vin
444 1476 499 1556 jam
515 1474 565 1535 diu
581 1489 667 1536 vetus.
678 1476 777 1535 -60.
794 1476 886 1535 Abeo
908 1490 998 1555 quoq!

213 1568 301 1635 potest
318 1555 421 1615 dictum
441 1558 609 1630 nominare,
621 1553 707 1634 'quod
722 1575 765 1614 res
787 1574 865 1615 novae
886 1556 916 1614 in
936 1572 998 1616 tim

212 1655 295 1712 quom
304 1634 403 1694 additae
412 1648 499 1713 erant,
517 1636 566 1713 qui
587 1655 632 1694 eas
644 1633 792 1709 novissent,
806 1633 996 1717 nominnpont·

213 1714 291 1773 bant.
303 1715 348 1775 Ab
361 1737 392 1774 eo
406 1734 584 1795 nuncupare,
598 1713 670 1792 quod
679 1727 744 1772 tunc
753 1713 863 1775 civitate
871 1728 936 1773 vota
944 1730 997 1772 nttt

215 1793 409 1873 suscipiuntur.
424 1795 603 1874 Nuncupare
615 1792 753 1852 nominare
761 1793 853 1860 valere
861 1788 996 1874 apparetit

216 1873 343 1952 legibus,
367 1874 415 1932 uhi
437 1887 612 1953 nuncupatae
639 1876 771 1953 pecunioe
792 1887 856 1933 sunt
886 1872 996 1952 scriptaet

216 1953 281 2010 item
295 1953 323 2010 in
333 1953 445 2030 choro†
456 1955 485 2012 in
498 1975 552 2033 quo
565 1967 606 2013 est
618 1978 627 2012 ε

257 2067 354 2125 AEnea
367 2062 381 2126 I
399 2067 471 2145 Quis
486 2071 564 2128 enim
584 2080 627 2127 est
645 2069 696 2148 qui
707 2085 803 2125 meum
817 2086 922 2127 nomen
933 2082 996 2123 nun·

291 2238 297 2249 ¹
337 2165 454 2239 eupat?

216 2265 283 2325 Item
295 2263 324 2322 in
335 2262 429 2324 Medio
442 2289 450 2323 :

257 2379 329 2450 Ouis
343 2392 375 2439 tu
383 2399 424 2451 ee,
438 2379 554 2454 mulier,
570 2398 634 2459 quae
644 2396 690 2436 me
701 2379 817 2436 insueto
835 2366 992 2453 nuncupasti

334 2475 452 2530 nomine
463 2477 476 2529 Ρ

252 2588 300 2646 61.
322 2588 398 2646 Dico
423 2584 555 2666 originem
574 2584 655 2646 hehet
675 2586 800 2646 Graecam
823 2578 897 2667 quod
915 2571 987 2640 Grati

215 2664 321 2734 δικάζω.
334 2666 405 2728 Hinc
418 2666 525 2727 Ennius
534 2682 546 2723 ⁴:
