2250 3090
163 119 203 177 fl
437 134 525 173 uranu
543 134 686 185 Qorrtrns.

133 310 137 315 ¹
159 238 331 377 grestando,
346 238 421 318 quod
438 259 469 299 ea
483 238 595 320 pignore
610 237 673 299 duta
687 238 801 321 publice
817 242 957 324 mancupio

180 318 243 379 dem
255 333 391 400 praestent.

199 402 251 459 ll.
272 399 328 461 Ubi
349 418 422 459 nune
442 411 482 459 est
501 400 607 471 Roma,
629 413 688 459 erat
708 398 775 459 olim
796 398 956 480 Septimon-

160 482 243 547 tium,
265 480 433 539 nominatum
445 478 480 537 ab
504 492 543 538 tot
557 478 704 554 montibus,
713 480 954 560 qnosposteaurbe

159 558 246 617 muris
267 557 483 640 eompreheudit.
506 557 613 637 Equis
632 559 810 639 Capitolium
832 558 951 635 dietum,

158 637 234 716 quod
248 637 310 711 bie,
329 660 413 718 quom
429 635 601 697 fundamenta
612 637 769 699 foderentur
780 637 850 699 adia
862 638 950 713 lovis,

158 731 240 797 eaprrt
258 717 408 778 humanum
429 716 532 777 dieitur
551 716 701 777 inventum.
722 718 777 779 Hic
798 738 879 779 mons
897 730 949 777 intr

163 798 302 876 Tarpeius
316 796 435 857 dietusa
450 796 555 877 virgine
568 797 679 859 Vestale
690 796 825 878 Tarpeia,
843 819 904 878 quar
913 796 947 857 ibi

159 877 194 936 ab
212 876 322 938 Sabinis
339 892 429 937 necata
447 877 532 937 armis
547 890 574 936 et
586 876 712 956 'sepulta3
727 878 829 959 quojus
841 874 946 939 nanim

159 957 353 1017 monimentum
366 957 504 1029 relietum,
521 955 691 1037 quodetiam
708 976 782 1019 nuno
799 957 861 1037 ejus
876 974 959 1039 ηιμ,

160 1036 306 1119 Tarpeium
316 1037 468 1118 appellatur
477 1056 584 1097 saxum.
593 1068 635 1083 ·-
644 1037 696 1095 tt.
706 1039 788 1099 Hune
796 1051 942 1098 auream

159 1130 214 1175 tem
234 1116 414 1176 Saturnium
425 1116 590 1200 appellatum
608 1114 806 1197 prodiderunt,
825 1130 856 1177 et
874 1116 941 1177 abet

160 1196 222 1255 late
233 1196 403 1256 Saturniam
418 1211 544 1271 terram,
563 1210 594 1255 ut
612 1196 691 1255 etiam
705 1196 813 1257 Ennius
825 1194 937 1336 apffibt

158 1276 308 1355 Antiquom
324 1274 457 1357 oppidum
470 1276 498 1336 iu
511 1274 565 1335 boe
576 1275 659 1335 luisse
672 1275 800 1335 Saturnia
813 1297 869 1337 serr
890 1276 932 1335 'ta

157 1354 227 1436 Ejus
244 1355 355 1436 vestigia
371 1355 537 1415 etiamnunc
550 1368 657 1415 manent
667 1356 721 1415 tria
736 1380 743 1414 ε
759 1354 837 1434 quod
847 1350 931 1418 sard

155 1435 249 1495 lanum
259 1434 286 1494 in
296 1436 418 1497 faucibus
425 1460 434 1513 ;
447 1434 521 1515 quod
530 1436 658 1495 Saturnia
667 1449 757 1515 porta,
767 1432 933 1513 quamlutt'!

157 1515 254 1576 scribit
266 1515 317 1590 ibi,
331 1537 413 1596 qnam
426 1537 497 1574 nune
511 1529 607 1575 vocant
620 1513 775 1576 Pandanam
785 1538 794 1585 ;
805 1514 885 1594 quod
891 1518 937 1607 pfl

157 1594 241 1655 edem
252 1596 362 1657 Saturni
373 1596 401 1654 in
413 1595 590 1655 aedificiorum
601 1595 708 1676 legibus
718 1593 835 1675 privatis
843 1602 934 1677 pant!

155 1679 260 1751 postici
273 1682 349 1735 muri
362 1689 424 1735 sunt
437 1676 489 1735 seri
493 1675 543 1756 pti.

198 1757 247 1815 45.
262 1787 301 1801 -
316 1755 348 1814 A
352 1759 497 1815 reatinum
514 1754 619 1834 aliquot
631 1752 666 1813 de
678 1753 881 1815 eausisdieunt.
891 1748 932 1813 ll*

158 1832 221 1893 vius
235 1835 269 1894 ab
283 1834 398 1910 avibus,
414 1835 490 1914 quod
503 1857 534 1894 eo
550 1856 578 1893 se
593 1835 626 1893 ab
640 1834 737 1893 Tiberi
758 1835 859 1895 ferrent
873 1846 930 1893 avet?

113 1944 118 1950 ·
158 1913 206 1971 alii
220 1913 255 1973 ab
269 1935 332 1994 rege
344 1916 477 1975 Aventino
488 1915 606 1990 Albano,
622 1912 746 1992 quodibi
759 1915 797 1973 sit
809 1910 929 1993 sepulum

157 1992 205 2051 alii
227 1993 405 2054 adventinum
418 1995 453 2054 ab
470 1995 590 2055 adventu
609 1993 753 2052 hominurn
764 2037 775 2067 ,
788 1992 863 2073 quod
874 2004 926 2051 ott·

156 2092 238 2132 ruune
253 2074 411 2134 Latinorum
425 2074 464 2133 ibi
472 2074 565 2134 Dianae
578 2073 710 2153 templum
722 2072 758 2132 sit
765 2073 920 2133 constituto!

156 2152 216 2229 ligo
228 2175 355 2213 maxume
364 2167 442 2235 puto,
453 2154 526 2231 quod
535 2153 568 2211 ab
582 2153 695 2212 advectu
705 2177 713 2221 ς
723 2173 787 2211 nam
797 2154 861 2213 olInr
870 2142 916 2230 prb

155 2231 236 2292 dibus
248 2255 324 2293 mons
338 2247 395 2294 erat
408 2233 443 2291 ab
457 2233 571 2311 reliquis
581 2230 736 2305 disclusus,
760 2232 850 2312 itaque
864 2240 911 2288 eot

156 2312 223 2371 urbe
234 2313 437 2373 advehebantur
448 2313 552 2371 ratibus
563 2335 569 2368 r
581 2313 679 2392 quojus
690 2310 814 2391 vestigia,
828 2304 906 2389 quodt

154 2396 290 2467 quatum*
299 2393 476 2464 vehebantur,
485 2393 566 2452 etiam
575 2390 775 2451 nune*dioitur
783 2391 898 2450 Velabra

154 2484 198 2541 et,
212 2473 286 2533 unde
297 2470 484 2546 ostendebant,
495 2470 530 2531 ad
541 2471 673 2530 insumam
684 2491 783 2531 novam
795 2464 895 2531 viemlo

155 2551 284 2612 sacellum
295 2552 458 2615 Velabrum.
474 2585 513 2597 -
526 2548 574 2610 lt.
600 2552 762 2611 Velabrum
780 2572 796 2609 a
816 2547 890 2610 rehu

160 2630 316 2713 b'elaturarn
330 2634 417 2694 lacere
426 2632 507 2692 etiarn
520 2651 590 2690 nnnc
604 2630 758 2707 dicuntur,
777 2630 823 2709 qui
833 2624 885 2697 id!
