2250 3090
452 69 457 74 .
484 49 538 75 ..aa
558 15 732 75 conveniunt.
749 49 786 61 -
802 19 840 77 t0

294 118 306 155 1
319 116 383 156 cum
393 94 462 157 dicit
473 121 480 154 :

294 247 313 303 ἵε
324 263 376 319 ego
388 241 487 318 credo,
500 247 552 321 qui
563 261 654 321 usque
665 241 735 299 dum
746 246 851 300 vivunt

294 339 386 394 minus
394 335 500 410 lavari,
508 354 597 413 quam
604 335 666 393 lroec
676 333 761 395 lavat
768 335 861 394 Phror

294 498 334 545 int
347 486 443 544 lavari
455 504 509 543 non
524 483 662 556 convenit,
678 496 708 542 ut
721 485 735 543 l
748 484 783 543 sit
796 482 870 566 poslr

294 589 300 622 :
323 563 360 624 ad
382 566 509 624 lavantur
529 563 654 644 analogia
672 562 757 624 lavari
779 563 876 625 reddit.

297 658 327 704 ut
341 644 448 706 librarii
459 643 586 704 mendum
602 645 624 702 si
636 658 684 718 est,
699 664 752 703 non
763 643 825 704 ideo
841 666 882 705 aua

308 723 427 808 scripsit,
442 739 482 785 est
496 722 743 806 reprehendendus.
759 725 878 786 Omnino

299 805 433 865 lavantur
440 803 542 864 dicitur
552 804 698 885 separatim
708 819 779 865 recte
792 805 819 862 in
831 806 891 865 rehu

305 884 316 942 l
329 905 446 977 puerum
460 885 555 943 nutrix
572 883 656 954 lavat,
673 904 742 964 puer
756 906 772 942 a
785 885 890 943 nutrice

310 985 316 1021 t
329 985 358 1024 in
376 963 479 1023 balneis
491 977 518 1022 et
534 963 657 1022 lavamus
673 975 699 1021 et
712 963 846 1022 lavamur.
858 997 898 1010 -

317 1042 411 1103 tetudo
423 1043 538 1102 alterum
551 1055 645 1102 utrum
659 1062 721 1101 curn
735 1045 799 1102 satis
814 1042 907 1102 haber«

320 1146 356 1182 ue
387 1123 459 1183 otius
468 1123 553 1182 utitur
567 1123 715 1193 lavamur,
726 1122 753 1181 in
766 1123 889 1202 partibus
900 1124 909 1181 l

326 1202 345 1263 d
358 1145 476 1262 cllcimus
487 1202 550 1262 lavo
563 1223 670 1278 manus,
686 1201 726 1261 sic
740 1200 821 1283 pudes
834 1217 859 1262 et
872 1224 909 1262 cae

331 1282 418 1342 alueis
429 1303 483 1343 non
496 1297 567 1342 recte
579 1281 675 1341 dieunt
693 1307 699 1342 :
715 1281 770 1341 lavi
782 1305 790 1357 ;
805 1282 861 1354 lavi
875 1305 909 1342 mr

349 1361 478 1443 quoniam
492 1362 520 1425 in
535 1360 641 1421 balneis
655 1361 751 1434 lavor,
771 1363 886 1422 lavatus
902 1387 909 1423 s

341 1455 360 1501 u
378 1456 470 1502 contra
484 1443 612 1522 quoniam
626 1454 667 1500 est
681 1443 773 1519 soleo,
790 1457 910 1519 oporteat

349 1536 391 1581 ato
405 1536 431 1583 at
445 1521 551 1583 Ennius
565 1521 669 1597 scribit,
683 1542 735 1582 non
751 1536 781 1581 ut
795 1523 862 1583 dicit
872 1525 909 1582 vo'

351 1625 372 1680 t,
391 1601 490 1677 debere
503 1602 582 1677 dici3
602 1620 688 1660 neuun
702 1619 778 1644 ψ’
827 1603 834 1612 “
