2250 3090
415 81 424 87 .
449 50 623 89 „marronam
636 11 772 90 Varronis
784 30 874 91 archer

300 108 544 169 transscribendum
562 109 590 167 in
602 109 773 169 annotatione
792 110 879 169 satist

300 188 335 248 rbi
346 189 453 249 videor.

300 269 367 328 nmia
381 289 536 348 quanquam
549 268 586 327 ita
600 283 754 349 comparata
769 282 843 346 sunt,
859 285 889 328 ut

300 366 361 427 gere
372 362 398 409 et
407 349 500 408 [allero
513 347 630 429 possint:
642 349 669 406 in
684 348 891 429 plerisquetame

300 449 373 488 orum
386 427 520 509 partibrm,
536 429 561 487 si
583 428 693 507 singula,
703 427 826 487 addititia
840 450 897 487 rem

300 508 444 585 {noscimus
463 507 623 588 scriptorem
637 506 732 567 ordine
742 507 903 588 disputantes

300 587 501 655 refestinantem
511 587 622 666 quidem
631 602 658 647 ot
668 586 901 668 negligentiorem,

300 687 339 727 ere
350 680 438 727 tamen
450 689 499 749 per
511 671 650 728 materiam
669 689 747 727 suam
765 666 912 727 decurrent.

303 768 325 807 n
335 747 437 828 speeies
450 762 489 808 est
502 748 610 828 septimi
624 747 701 823 libri,
718 769 779 827 quae
790 748 895 828 farrago
906 772 915 830 1

309 846 402 887 eorum
415 827 592 909 poeticorum,
607 849 688 907 quam
708 829 781 908 justa
794 829 922 909 poeticae«

314 906 407 982 cutio,
440 929 481 968 nae
493 908 530 967 ad
545 908 627 967 finem
640 907 750 985 quidem
764 908 925 988 quodammo

321 985 369 1046 sed
391 930 551 1049 ndilomodo
565 986 688 1046 absoluta
711 986 766 1047 diei
778 1002 875 1079 potest.
894 992 931 1048 Na

322 1065 935 1148 »poeticorumverborumexplieatronemeode

349 1148 460 1221 emerit,
482 1169 537 1227 quo
558 1145 681 1227 volgaria
700 1147 832 1208 voeabula
856 1148 938 1207 duob*

330 1168 581 1308 irrisexposuitiv.
599 1228 639 1297 V,
652 1228 701 1287 15.
715 1228 769 1296 Vl,
785 1228 813 1287 5.
826 1229 873 1288 55.
896 1232 936 1288 VI

335 1305 360 1365 'sn
373 1307 489 1386 singulis
511 1307 676 1386 argumentis
697 1308 889 1389 componendis
912 1311 938 1367 si.

340 1385 417 1447 'ebat
429 1386 500 1447 Hinc
512 1387 560 1446 ubi
569 1385 603 1445 de
614 1386 679 1447 locis
689 1386 767 1461 dicit,
777 1388 897 1468 primum
911 1411 938 1447 oa

345 1465 366 1524 *e
378 1487 438 1545 quae
451 1466 479 1525 in
492 1466 571 1526 terris
587 1480 614 1525 ot
625 1489 693 1546 aqua
714 1483 775 1528 sunt
786 1467 912 1537 collocat;
928 1493 938 1528 s

352 1559 397 1606 ent
416 1546 514 1625 scripta
534 1548 573 1610 V.
590 1549 706 1607 16...ἳο
716 1560 743 1606 et
757 1549 824 1618 VII,
843 1552 937 1608 (ΜΛ

357 1627 590 1686 ...toervlnts
630 1630 668 1662 (θ’
694 1627 714 1649 ““
756 1628 763 1634 ”
