2250 3090
307 67 353 124 rue
364 45 450 105 multa
461 46 496 105 ab
506 66 538 104 eo
547 39 703 113 eruentur*,
715 65 794 121 quern
803 63 857 102 non

307 126 386 185 itione
398 125 481 185 titerae
495 137 650 205 prosecutae,
665 124 783 182 multum
796 122 859 183 licet

307 204 386 264 minis
397 203 424 263 in
436 204 523 285 primo
536 204 563 262 in
576 202 662 267 literis
670 202 773 262 Latinis
782 222 858 261 exer·

307 284 392 342 ionem
406 283 558 343 carminum
571 282 707 342 Saliorum
718 280 859 340 videbistt

307 363 446 436 diturum
465 361 600 442 praterita
623 361 737 420 obscura
760 360 855 420 multa.

307 465 334 514 u,
349 462 432 520 quom
441 461 493 500 nou
506 440 588 500 modo
610 438 784 519 Epimenides
796 455 858 519 post

306 535 389 581 rectus
402 543 418 580 a
438 520 530 580 multis
543 540 596 579 nun
609 533 794 599 cognoscatur,
809 516 858 577 sed

308 601 344 660 vii
364 613 426 683 post
448 594 602 662 aunosXV
616 599 651 658 ab
673 598 731 658 suis
754 598 801 677 qui
822 599 858 658 sit

306 701 333 739 rc
345 680 413 759 quid
425 680 459 740 ad
469 681 613 740 verborum
624 677 788 761 poeticorum
798 690 858 736 aetu·

317 760 433 841 Pompili
451 781 563 840 regnum
577 760 676 819 sorsin
692 757 857 817 carminssrus

307 861 323 898 e
346 861 376 898 ea
390 840 424 898 ab
443 839 627 921 superioribus
640 851 761 918 accepta,
770 851 857 896 tamen

309 941 348 980 os.
362 921 454 993 Quare
462 941 532 995 quor
545 918 684 998 scripturis
696 915 858 977 industriam

306 1000 309 1056 i
325 997 415 1057 herois
427 997 568 1069 tritavum,
580 1010 687 1057 atavum
698 1016 749 1054 uon
765 1008 857 1074 potue·

306 1100 332 1138 m
344 1079 401 1158 ipsu
410 1076 467 1151 avi,
481 1076 572 1135 tritavi
584 1089 695 1135 matrem
706 1094 758 1132 nou
773 1073 859 1153 possis

305 1156 459 1216 ttervailum
471 1154 557 1214 multo
576 1168 648 1214 tanto
667 1153 780 1234 propius
797 1173 856 1229 nus,

305 1236 412 1296 initium
437 1235 589 1309 saliorum,
607 1254 660 1313 quo
675 1235 859 1293 Romanorum

305 1317 367 1375 rtica
387 1313 482 1385 dicunt
506 1315 626 1375 uolatu*
638 1347 675 1377 -.-
685 1314 714 1374 k.
726 1313 812 1391 igitur
825 1311 860 1370 de

305 1416 370 1455 rum
384 1394 432 1473 qui
445 1416 490 1453 mu
505 1408 531 1452 ta
544 1392 645 1453 dixerit
653 1392 802 1467 commode,
814 1412 859 1472 pu

306 1473 417 1545 endum,
431 1495 513 1554 quum
521 1474 568 1553 qui
580 1473 683 1552 aliquid
694 1472 858 1550 nequiverit,

305 1577 316 1613 u
314 1600 333 1662 ι,
354 1567 503 1663 praestjljltm
518 1574 581 1612 cum
600 1551 860 1662 dicatetymulogice
