2040 3420
350 494 435 532 Linus
448 492 590 532 DECIMUS.

186 810 239 884 M.
268 809 485 889 TERENTI
510 808 745 886 VARRONIS

274 1013 325 1074 DE
347 1014 491 1074 LINGUA
512 1013 656 1072 LATINA

335 1202 379 1250 An
396 1199 592 1251 CICERONEM

338 1396 422 1434 Llonn
453 1394 591 1434 Dedimus.
696 1452 699 1461 Ι

393 1586 527 1599 ὴ*-

22 1746 26 1751 “
102 1735 177 1794 l.ln
185 1733 332 1795 verborum
341 1727 568 1792 declinationibus
577 1730 724 1811 disciplina
732 1731 862 1810 loquendi

58 1811 312 1877 dissimilitudinem
339 1833 372 1871 en
402 1811 610 1871 similitudinem
635 1809 712 1888 sequi
734 1811 859 1888 deberet,

59 1892 143 1955 multi
155 1893 330 1972 quesierunt.
345 1892 414 1950 Cum
427 1891 461 1950 ab
474 1890 517 1949 his
530 1891 670 1968 ratioque
683 1890 719 1948 ab
731 1891 860 1950 similitu-

58 1974 124 2035 dine
133 1975 260 2048 oriretur,
271 1985 414 2032 vocaretur
426 1969 560 2049 analogio,
576 1969 680 2047 relique
693 1990 755 2050 pers
766 1972 860 2051 appel·

58 2055 163 2114 leretur
175 2053 329 2128 anomalia3
343 2049 396 2126 (de
407 2071 460 2129 qun
473 2071 502 2108 re
514 2051 601 2130 primo
613 2048 697 2119 libro,
712 2070 773 2128 quae
786 2048 860 2109 dice-

57 2146 164 2205 rentur,
181 2152 251 2211 quor
264 2129 516 2191 dissimilitudinem
532 2129 630 2190 ducem
643 2128 737 2188 heberi
752 2144 858 2210 oporte·

56 2226 111 2289 ret,
120 2209 180 2271 dixi
194 2233 202 2279 ς
214 2209 332 2271 smundo
342 2223 433 2270 contra
443 2228 504 2288 quae
513 2208 678 2285 dicerentur,
689 2229 759 2287 quor
771 2210 860 2291 potius
874 2219 875 2224 ’

56 2289 268 2362 similitudinem
285 2293 441 2351 conveniret
458 2289 600 2370 praeponi)
617 2313 624 2348 z
639 2309 755 2367 quatum
768 2309 860 2349 rerum

56 2368 134 2452 quod
146 2391 196 2430 neo
207 2369 399 2442 fundamenta,
413 2383 444 2428 ut
456 2368 562 2446 debuit,
577 2371 665 2450 posita
678 2369 713 2427 ab
728 2368 797 2448 ullo,
813 2389 859 2429 ne-

55 2473 112 2531 que
124 2449 192 2509 ordo
206 2470 237 2509 ae
250 2464 347 2509 natura
360 2463 391 2509 nt
403 2470 446 2510 res
457 2449 575 2529 postulet
583 2448 721 2530 explicite,
732 2448 791 2525 ipse
801 2448 860 2528 ejus

55 2531 98 2591 rei
108 2531 224 2591 formem
238 2550 379 2611 exponam.
391 2562 428 2575 -
439 2533 470 2589 ᾗ.
487 2528 583 2588 Dicam
593 2528 628 2588 de
639 2541 755 2607 quatuor
764 2528 857 2603 rebus,

55 2629 119 2691 quae
135 2610 306 2670 eontinentur
322 2607 549 2669 declinationibus
564 2608 721 2678 nemorum,
739 2606 807 2686 qnid
825 2607 861 2667 sit

56 2688 191 2750 similene
204 2689 349 2760 dissimile,
359 2689 428 2767 quid
443 2688 510 2748 ratio
525 2708 609 2767 quam
620 2687 757 2769 appellent
769 2686 857 2768 λόγον,

55 2769 126 2850 quid
134 2770 309 2852 proportione
320 2768 396 2848 quod
409 2767 504 2828 dieunt
519 2768 659 2848 ἀνάλογον,
669 2765 738 2846 quid
750 2786 860 2827 consue-

55 2849 125 2909 tudo
139 2873 148 2909 ε
162 2870 223 2928 que
238 2848 381 2940 explicate
393 2846 570 2908 declarabunt
587 2845 728 2928 ἀναλογίαν
743 2858 770 2906 et
790 2849 859 2906 ἅνω·
939 2904 943 2909 ,

57 2927 168 3008 pullos,
185 2928 256 2989 unde
265 2941 311 3004 stt,
323 2926 391 3007 quid
403 2928 453 3020 ⁵³2.
462 2926 637 3009 quojnsmodi
650 2927 697 2988 sit.

99 3010 128 3069 5.
140 3010 182 3070 De
194 3004 411 3069 similitudinem
424 3005 649 3070 dissimilitudine
662 2998 724 3068 ideo
737 3004 856 3089 primum
