2040 3420
115 115 180 155 nxtt
382 112 421 151 DE
442 110 653 153 rusentnntotttt

113 221 174 292 tuit,
188 213 236 298 qtii
246 218 357 298 vulgato
368 231 432 277 tunc
441 239 492 276 usu
504 218 603 298 rejecto
613 218 728 278 alteram
740 220 859 280 sormam
866 220 913 279 mi⁶

113 302 187 360 nime
207 299 317 377 quidem
339 298 467 377 ignotam,
481 297 529 357 sed
549 319 601 356 non
625 319 704 377 aeque
721 301 913 377 frequentatam

114 380 252 461 probaret.
281 381 376 456 Neque
405 377 503 436 desunt
532 377 632 437 similia
659 380 801 460 exempla.
828 379 916 441 Julius

115 461 203 519 Caesar
224 462 374 518 Maximus
393 460 528 535 Optimus
548 471 613 531 eto,
634 471 660 517 et
679 460 873 539 pronuntiavit
891 473 914 518 et
1010 494 1019 505 =

114 540 239 620 scripsit3
255 537 318 597 iude
328 551 437 618 propter
447 539 512 596 tanti
530 538 581 595 viri
595 540 787 598 auctoritatem
799 558 915 598 consue-

114 619 181 679 tudo
202 619 281 692 iacta,
298 632 328 676 ut
348 615 506 696 hujusmodi
526 617 610 676 verba
630 638 679 698 per
700 621 732 692 l,
752 636 809 677 non
828 619 914 700 perii

107 699 294 764 ¹scriberentur
307 711 328 755 ¹.
345 708 380 756 At
394 717 447 754 non
469 698 573 774 primns
587 710 644 755 erat
657 697 741 778 hujus
755 698 796 757 rei
811 711 914 757 auctor.

115 780 177 838 Jam
196 779 222 835 in
242 777 330 836 Duilii
344 776 475 835 Columna
493 778 584 838 Rostr.
598 775 622 834 si
637 775 705 835 fides
724 778 750 836 ei
770 776 915 837 tribuentia

114 859 245 950 scriptum
264 857 402 916 invenitur
414 857 600 917 MAXIMUS.
623 855 775 936 Imperator
794 856 825 917 id
844 856 915 937 quod

116 938 198 998 simili
214 938 242 995 in
255 960 283 996 re
296 951 321 995 et
334 939 425 998 Varro
438 935 513 1010 fecit!
536 935 653 995 alterurn
670 937 787 996 formam
806 956 865 995 non
885 936 916 996 ob

115 1020 175 1097 ipso
192 1018 340 1089 inventam,
353 1015 401 1075 sed
417 1036 478 1074 raro
490 1014 614 1075 usitatum
627 1016 722 1076 ceteris
738 1016 916 1098 approbanti-

115 1098 166 1157 hus
176 1097 204 1157 in
217 1097 353 1157 civitatem
367 1095 477 1176 recepit.
567 1157 569 1161 ,

194 1187 288 1265 Itaque
302 1186 413 1245 minime
423 1207 468 1245 me
477 1172 692 1257 offendfflauti
704 1186 830 1245 senarius

236 1267 351 1324 Eadem
363 1267 455 1324 Iau'ne
465 1267 614 1324 Mercator
626 1266 724 1324 Marci
736 1267 821 1340 Attii,

115 1359 141 1403 et
154 1365 214 1423 qnae
226 1345 276 1404 alia
291 1359 396 1404 exstant
406 1345 530 1426 exemplu
544 1348 581 1413 εἰς
596 1343 670 1405 κενόν
684 1356 797 1404 mutata.
813 1345 860 1406 nd
871 1347 923 1408 Ci-

115 1445 237 1485 ceronem
249 1425 325 1504 quod'
336 1425 440 1495 attinet,
454 1427 477 1484 ei
496 1425 630 1504 scripture
648 1424 767 1504 simplici
784 1425 796 1483 Ι
814 1427 924 1506 ubique

114 1525 202 1584 neque
212 1505 376 1565 restituenda
390 1526 477 1583 neque
485 1503 664 1584 expellenda3
677 1503 705 1562 in
717 1506 921 1585 posterioribus

114 1576 193 1644 libris
203 1586 337 1649 Varronis
350 1600 513 1666 promptum
530 1598 637 1644 secutus
651 1583 760 1643 videtur
773 1585 801 1641 in
818 1585 872 1645 hac
887 1608 920 1647 re

115 1659 145 1722 ut
158 1665 186 1723 in
199 1666 262 1739 alia,
279 1668 358 1746 cujus
369 1664 469 1723 mentio
480 1663 553 1743 apud
565 1663 673 1723 Charis.
686 1684 748 1743 pag.
760 1665 832 1722 ttt.

152 1747 360 1804 Poematorum
370 1747 402 1802 in
412 1744 539 1803 secundo
547 1757 576 1802 et
586 1746 619 1801 in
631 1747 717 1802 tertt'o
724 1744 802 1801 idem
813 1745 919 1808 VAR-

152 1826 208 1885 RO
220 1826 336 1883 assidue
344 1826 416 1882 dicit
427 1824 473 1882 his
482 1823 632 1882 Poematis
639 1846 652 1892 ,·
664 1838 803 1902 tanquam
819 1833 918 1884 nomi·

153 1907 253 1962 nativo
264 1906 318 1962 hoo
330 1905 503 1963 Poematum
514 1907 563 1977 sit,
581 1923 641 1960 non
653 1904 777 1961 Poema.
795 1903 877 1962 Nam
887 1918 919 1964 et

153 1985 195 2041 ad
207 1984 376 2042 Ciceronem
396 1984 511 2043 UNDE
515 1984 555 2041 01
561 1984 620 2041 tto
633 1983 737 2040 borum
753 1982 917 2043 Poemato-

151 2082 216 2122 rum
233 2075 260 2123 et
275 2065 322 2123 Me
335 2066 485 2124 Poematis
506 2077 636 2142 oportere
657 2062 716 2122 clici
730 2064 784 2121 ait.
805 2063 919 2144 Itaque

147 2291 152 2311 ¹
167 2277 273 2344 QuintiI.
288 2280 376 2329 Iustit.
393 2290 459 2330 orat.
478 2280 503 2339 1,
523 2281 548 2331 7.
562 2294 623 2345 pag.⁸
634 2279 676 2330 90.
702 2279 791 2329 Burin.
810 2279 914 2330 Recen-

113 2349 189 2396 tiores
201 2344 340 2414 Caligulam
353 2343 414 2396 salso
424 2343 575 2411 intelligunt.
586 2361 696 2413 quorum
704 2361 817 2396 errorem
837 2357 914 2397 nota·

111 2414 148 2462 vit
166 2411 304 2464 Schneider
320 2412 408 2463 Gram.
426 2406 484 2463 Lat.
510 2411 533 2475 1,
558 2413 599 2463 to.
620 2410 656 2462 ef.
676 2408 792 2461 Isidorus
821 2412 844 2471 1,
868 2414 913 2473 87,

112 2479 335 2531 889.-Vertran.
356 2474 390 2528 ud
411 2478 519 2531 Varron.
533 2494 590 2544 pag.
604 2479 665 2531 224.
690 2479 721 2528 In
738 2474 802 2527 vetti
825 2480 883 2527 Ioco
895 2495 912 2528 a

110 2544 264 2597 Schneidero
277 2543 380 2595 Iauduto
394 2543 483 2615 utjum
500 2546 528 2595 in
539 2543 610 2593 ambi
628 2544 730 2593 uitatem
740 2543 912 2594 eadatutmm

95 2613 306 2690 sterlquaedam
319 2612 434 2671 habeant
444 2612 499 2668 dici
511 2631 548 2667 oo
556 2629 602 2682 per
646 2608 862 2679 ,tege-Ammon.
