2250 3090
843 48 858 85 p

171 110 259 179 xxtitr
338 139 355 175 n
378 138 511 177 numu.
534 138 559 177 c.
582 137 610 177 o.
631 102 825 199 ntuttt.nnnit·'‘·'¹

171 252 339 311 firmamento
357 249 406 309 ubi
418 249 579 309 destitutum
596 247 787 323 metrideram,
800 246 858 307 dett

172 330 250 389 sertis
270 329 361 389 verbis
374 330 479 389 monui.
498 332 588 405 Quam
610 340 701 387 eutem
725 328 858 419 scripturn

173 410 241 483 inter
279 408 328 467 lati
340 408 397 469 sive
406 409 499 489 scripti
513 408 571 471 sive
582 406 656 489 typis
669 428 791 488 expressi
805 450 814 481 ,
826 418 852 467 ct

172 488 221 579 poi
232 430 384 549 iitronem
394 501 586 561 tractaverunt,
596 486 738 547 finxissent
745 486 789 547 vel
799 484 858 567 proi

174 566 203 627 td
225 588 269 627 rne
287 565 478 627 adnotaturum
499 588 552 627 non
565 566 690 647 promisi,
704 566 759 627 nisi
776 566 821 627 ubi
841 564 858 625 ir

174 646 261 729 gendo
291 648 343 707 'scri
365 660 424 705 turn
452 646 496 707 bis
518 646 650 725 subsidiis
666 645 799 705 utendum
819 666 858 705 ort

174 726 248 787 enim
267 724 297 785 id
310 669 379 787 miii
395 726 538 807 proposui,
554 740 584 786 nt
603 724 745 785 historiam
763 726 853 785 sormae

174 806 309 866 librorum
319 804 348 865 in
354 805 507 865 annotando
519 804 710 877 describerem,
718 804 858 883 quodutili

176 886 294 966 profecto
307 899 348 945 cst
361 885 511 967 negotium,
523 884 573 945 sed
585 894 601 943 a'
613 906 673 945 meo
684 884 858 967 ¹propositori

176 987 273 1045 neque,
283 986 347 1025 cum
356 965 493 1048 Spengelii
506 967 592 1046 copiis
604 964 640 1025 ita
651 978 753 1035 uterer,
767 978 798 1023 ut
804 966 858 1023 intlr

176 1067 278 1105 morem
291 1045 392 1124 quibus
405 1044 441 1104 ad
460 1066 559 1107 noram
579 1045 694 1105 sormam
718 1042 857 1103 condenda

177 1140 255 1199 essct,
271 1125 299 1183 in
310 1124 425 1184 alienam
432 1146 544 1184 messem
551 1124 674 1189 involare
687 1130 698 1199 (
710 1122 855 1203 indignum

177 1204 318 1265 lerandum
330 1204 467 1285 facinus),
480 1218 506 1263 et
518 1203 628 1284 majoris
640 1204 716 1265 illius
729 1203 858 1285 operis,o

177 1304 283 1362 semper
295 1284 426 1421 crolnotahit
439 1288 574 1363 integrum
585 1285 713 1365 pretium,
728 1282 858 1347 utilituten

177 1382 260 1423 nuere
284 1383 320 1423 vo
334 1384 382 1421 ur.
440 1406 818 1424 ........

176 1538 189 1553 ·
218 1522 260 1582 Ne
274 1520 381 1583 novicia
402 1522 512 1599 inventa
525 1544 575 1604 pro
588 1523 737 1615 antiquitus
755 1522 858 1583 traditio

179 1617 236 1662 tore
248 1600 358 1679 viderer
370 1623 377 1657 τ
388 1601 551 1684 scripturam
566 1626 581 1662 a
600 1604 740 1665 codicibus
749 1623 803 1663 non
818 1616 858 1663 sat

181 1681 240 1755 (sed
251 1695 339 1774 potest
345 1681 438 1743 eadem
451 1682 584 1743 tutissima
593 1705 670 1743 essen
682 1704 762 1743 sensu
773 1695 800 1741 ct
814 1704 858 1762 unp

180 1774 304 1823 asterisco
311 1764 348 1839 (ἢ
358 1763 460 1823 notavi.
470 1763 569 1829 Crucis
576 1778 666 1823 autem
675 1762 784 1843 signum
794 1762 858 1840 (†)n

180 1840 248 1901 locis
260 1840 376 1917 addidi,
391 1840 438 1920 qui
452 1842 605 1903 etiamnunc
623 1864 716 1903 cruces
727 1854 790 1901 sunt
806 1842 858 1903 inte

181 1934 208 1979 et
228 1921 396 1986 criticorum.
407 1920 508 1983 Cetera
521 1922 608 2001 sigua,
620 1922 722 1999 quibus
735 1942 802 1983 usus
815 1944 858 1982 sur

181 1998 285 2075 catione
295 2021 347 2061 non
357 2022 434 2081 egere
442 2000 576 2065 videntur.
