2250 3090
159 153 200 213 62
441 167 529 208 nrrnn
550 166 668 207 snxrus.

160 282 250 342 -ll
258 279 362 341 Dehinc
371 278 483 360 quintius
497 280 638 358 Quintilis
647 291 674 338 et
684 278 725 339 aio
734 278 960 363 deincepsusqne

160 361 198 421 ed
209 363 398 424 Decembrem
411 380 560 419 enumero.
576 358 621 419 td
629 359 680 419 hos
689 359 740 435 qui
753 358 854 437 additi,
865 360 960 442 prinu

160 442 285 582 grincipe
296 438 347 501 deo
355 442 520 501 Ianuarius
529 439 691 520 appellatum
701 440 882 520 posterior‚ut
890 438 969 500 id·-

183 521 258 581 icunt
270 542 321 581 sorr
342 534 424 597 tores,
440 519 474 579 ab
487 518 542 579 diis
567 519 660 579 inieris
673 522 884 588 Februariusa
905 516 961 603 pei·

162 600 244 677 latus,
257 542 401 680 quodtum
415 600 458 659 his
468 612 648 680 parentemn·
660 600 719 681 Ego
734 600 824 681 magis
845 542 961 661 abiner

61 746 64 751 ,
163 677 343 741 Februarium
360 702 375 739 a
386 678 432 739 die
445 679 591 750 Februato‚
606 678 680 757 quod
692 693 752 739 trun
765 680 959 761 februaturpo

164 760 259 839 pulos,
270 759 301 819 id
314 773 353 819 est
363 758 481 840 lupercis
494 757 574 818 nudis
583 757 716 818 lustratur
725 759 870 838 antiquom
883 756 958 841 oppi-

164 838 234 900 dum
247 837 400 900 Palatinum
412 838 540 919 gregibus
550 839 678 898 humanis
691 839 821 900 cinctum.

205 919 256 980 55.
271 917 353 995 Quod
370 918 405 977 td
416 932 569 998 temporum
586 918 721 979 vocabula
737 919 836 981 Latina
857 917 953 991 aune,
992 964 994 999 2

165 999 296 1059 hactenus
308 997 343 1058 sit
352 999 418 1058 satis
430 997 542 1060 dictum.
557 1000 637 1059 Nune
649 996 724 1078 qnod
739 997 776 1057 ad
788 1018 889 1060 easres
899 994 954 1057 atti·

167 1079 321 1156 netquaein
336 1092 455 1159 tempore
478 1078 569 1156 aliquo
591 1077 651 1137 fieri
674 1076 953 1147 animadverterentur,

167 1158 269 1230 diram,
281 1172 311 1217 nt
320 1156 377 1219 haec
388 1171 451 1218 sunt
460 1179 469 1215 a
479 1158 586 1237 legisti,
595 1176 707 1233 cursus,
720 1157 839 1219 ludens.
854 1152 954 1237 Deqo't
992 1220 994 1233 ,

167 1237 224 1298 duo
235 1236 382 1327 praedicere
395 1236 469 1328 solo,
484 1251 583 1315 quanto
599 1237 641 1328 'sit
662 1236 812 1298 multitudo
825 1258 918 1298 eorum
934 1242 953 1293 tt
989 1238 994 1279 ³

168 1317 556 1477 lilffillllfflgllssl
566 1314 952 1476 ill·q·„3l⁶s,⁰llll“q3

170 1489 290 1571 tempora
300 1475 470 1556 adsignificat
479 1497 566 1554 neque
578 1476 661 1536 habet
669 1497 761 1555 casus,
772 1490 804 1537 ut
811 1477 847 1537 ab
854 1476 915 1557 lego
926 1472 951 1532 lt

171 1555 642 1718 lulilltfllllllldlss
654 1556 955 1714 llllllilzll't

172 1715 254 1775 habet
264 1730 410 1795 utrumque
429 1726 456 1775 et
474 1729 592 1796 tempora
608 1729 634 1775 et
647 1736 737 1793 casus,
758 1730 788 1775 ut
805 1715 841 1775 ab
855 1715 916 1797 lego
926 1710 962 1770 lo·

172 1816 256 1872 gens,
272 1796 401 1862 lecturus
407 1822 420 1868 ;
433 1810 560 1874 quartum
571 1795 646 1874 quod
657 1809 785 1855 neutrum
793 1796 888 1870 hahet,
899 1786 964 1881 utri!

173 1876 234 1955 lego
246 1876 320 1935 lecte
333 1897 365 1936 ac
376 1876 533 1935 lectissime
545 1899 554 1934 ε
568 1875 666 1935 horum
679 1874 827 1935 verborum
838 1875 862 1935 si
876 1876 974 1956 primt‘

192 1954 254 2014 cuia
272 1954 384 2015 suntad
398 1955 485 2028 mille,
497 1969 526 2015 nt
545 1955 694 2015 Cosconius
705 1955 813 2029 scribit,
827 1975 863 2014 ex
880 1956 984 2014 corut!¹

174 1974 402 2094 inclinationibus
417 2036 565 2095 verborum
576 2034 734 2095 discrimina
744 2035 892 2125 quingenta
901 2026 994 2091 mitit

176 2134 233 2173 esse
243 2129 354 2195 possunt
362 2115 431 2191 ideo,
440 2115 504 2193 qnia
514 2113 630 2193 singuiis
641 2114 732 2174 verbis
741 2112 914 2195 primigeniis
921 2109 994 2171 rir‘

176 2194 244 2254 citer
254 2195 408 2275 quingentae
421 2195 523 2274 species
537 2191 766 2254 declinationibus
778 2193 862 2254 fiunt.
872 2224 913 2243 ·-
924 2178 994 2251 δῖ·

175 2274 343 2354 Primigenia
354 2274 485 2333 dicuntur
497 2274 580 2335 verba
593 2288 624 2334 ut
644 2275 722 2351 lego,
742 2275 850 2349 scribo,
862 2286 916 2348 sto,
928 2278 994 2327 ια’

176 2354 233 2412 deo
247 2368 273 2414 et
286 2368 373 2415 cetera
386 2375 446 2431 quae
468 2373 521 2414 non
534 2367 597 2413 sunt
619 2354 655 2414 ab
677 2353 731 2413 alio
746 2373 802 2431 quo
815 2352 910 2426 verbo,
929 2322 994 2408 sed

176 2452 240 2492 suas
254 2433 355 2494 habent
368 2433 484 2493 radices.
498 2434 597 2494 Contra
607 2433 689 2494 verba
697 2432 831 2493 declinata
845 2444 908 2493 sunt
917 2426 994 2508 qtfi

175 2512 272 2573 abalio
284 2536 337 2593 quo
357 2514 493 2589 oriuntur,
509 2526 540 2572 ut
551 2513 655 2594 abiego
670 2510 757 2594 legis,
774 2514 865 2589 legit,
878 2510 980 2593 legat„

176 2593 254 2653 etsie
268 2592 389 2653 indidem
397 2594 463 2654 hinc
475 2590 620 2674 permulta.
636 2595 728 2667 Quare
740 2592 764 2652 si
774 2594 837 2673 quis
846 2589 976 2724 prumtff

176 2671 285 2733 oiorunt
307 2675 454 2736 verborum
474 2673 593 2755 origines
614 2672 773 2751 ostenderit,
800 2674 824 2734 si
844 2693 875 2734 ea
896 2688 929 2731 nu
