2250 3090
300 77 303 86 ,
318 61 422 107 „caasa
435 45 559 104 marogra
571 37 624 83 erit
635 26 757 83 delinita.
771 24 827 86 Ha·

302 105 313 164 i
327 104 408 165 debct
424 102 559 185 populus,
574 101 720 163 secundam
734 122 826 164 omues

300 186 399 245 tertiam
410 197 506 265 poetae.
519 217 559 230 —
572 183 621 243 75.
639 185 703 244 Ilaec
712 180 827 262 diligen·

300 262 386 325 tdicta
397 284 454 324 esse
466 263 595 339 arbitror,
607 262 655 322 sed
667 283 720 322 non
729 263 826 322 obscu-

305 342 390 404 simili
403 341 573 403 definitiones
590 342 828 420 grammaticorum

300 422 461 497 tristodemi,
470 420 609 493 Aristooli,
617 421 687 482 item
698 420 826 497 aliorum,

300 517 333 563 tes
351 524 383 564 eo
395 502 486 563 minus
501 499 740 581 reprehendenda,
752 500 830 581 quod

301 602 347 641 ncs
366 603 395 641 re
413 580 549 672 incognita
567 594 678 674 propter
694 583 833 643 summam

304 660 355 720 oile
366 662 581 743 pcrspicruntur,
596 661 650 722 nrsi
662 661 828 724 articulatim

310 742 362 802 to.
375 743 466 816 Quare
480 742 566 821 magis
578 741 729 824 apparebit,
744 742 768 802 si
778 742 831 804 erit

309 819 330 880 is
340 821 464 901 partibus
483 844 491 878 ε
503 819 570 899 qnid
581 821 689 884 dicatur
701 822 828 897 verbnm,

312 899 371 976 rbi,
384 897 453 978 quid
470 897 628 976 declinatio,
647 899 715 978 quid
731 900 831 961 simili-

315 999 362 1038 ron
375 993 541 1060 repugnante
551 978 744 1041 consuetudine
756 1001 831 1043 com·

317 1057 392 1118 adam
408 1071 492 1140 parte.
503 1091 544 1106 ·-
556 1061 606 1117 tt.
624 1059 750 1123 Verbum
762 1060 830 1141 ¹dico

320 1151 407 1214 utem,
420 1158 481 1216 quae
492 1137 527 1197 sit
536 1135 656 1199 indivisa
670 1152 696 1199 et
708 1139 830 1220 minima,

322 1217 434 1279 turalcm
442 1217 549 1277 babeat.
558 1217 655 1279 Simile
666 1233 705 1280 cst
713 1220 832 1283 verbum

325 1313 341 1358 t
356 1319 386 1358 re
398 1318 480 1377 quam
493 1296 640 1380 significat,
655 1302 682 1358 ct
698 1318 765 1361 voce
777 1322 832 1392 qua

329 1390 370 1438 rra'
384 1377 513 1438 transitus
530 1377 718 1439 declinationis
729 1380 831 1460 parile.

333 1480 360 1518 m
380 1480 415 1517 ex
436 1457 520 1519 verbo
541 1459 570 1517 in
590 1458 717 1531 verbum,
737 1473 784 1520 aut
798 1481 833 1520 ex

337 1551 453 1599 transcat
463 1558 539 1597 mens
550 1583 559 1615 ,
571 1541 648 1599 vocis
657 1539 832 1599 commutatio

335 1617 363 1678 lo
382 1616 571 1678 declinationis
606 1640 687 1662 mm„
712 1619 746 1648 ³1-
