2250 3090
168 190 186 228 n
431 190 470 231 ns
492 192 723 255 ruscnrrrross'

168 303 293 377 Vulgatae
308 301 401 372 Eun:
871 361 875 375 ,

157 398 159 402 ’
207 387 252 446 M.
268 386 396 442 Terentii
410 383 550 442 Varronis
563 385 600 443 de
612 385 685 466 lr‘ng.
700 383 751 446 lat.
764 386 807 445 nd
818 386 865 445 M.
882 385 966 448 Tuti,

250 466 343 523 Cicer.
360 463 433 522 liber
445 477 579 544 quartus.

166 541 197 602 {n
208 544 365 603 Florentino
379 564 444 602 vero
455 545 491 601 ita
505 544 640 623 scriptum
653 543 761 624 legitur.
772 571 781 605 ι

207 627 249 684 M.
273 625 387 682 Terenti
407 623 557 685 Varronis.
578 620 626 682 De
648 622 751 700 lingna
771 626 882 685 latina.
907 628 973 688 DE

246 704 414 783 Disciplina
427 707 571 782 originum
584 707 741 764 verborum
757 706 799 763 ad
813 707 878 765 Cic.
893 706 975 768 liber¹

245 786 295 842 IV
302 783 432 858 explicit,
444 785 547 873 incipit
557 782 633 840 liber
641 787 769 864 quintus.

205 863 242 922 Et
258 863 297 923 sic
311 862 448 941 deinceps,
466 883 511 939 qus
527 862 554 919 in
571 861 687 940 vulgatis
701 878 740 923 cst
753 862 825 924 liber
837 866 967 944 quintus,

165 943 192 1001 in
207 957 298 1002 nostro
311 956 413 1015 sextus,
427 942 474 1019 qui
488 963 589 1012 nouus,
600 941 729 1003 decimus.
746 942 884 1005 iudicavit
895 947 969 1008 hanc

165 1022 264 1081 codicis
288 1023 449 1103 scripturam
469 1020 526 1101 j'om
548 1023 654 1082 Petras
673 1024 709 1083 V
707 1027 872 1101 ictorins1).
896 1031 967 1089 Vas.

164 1102 239 1161 nect.
253 1105 290 1163 V.
309 1106 359 1175 21,
382 1102 481 1178 ubique
495 1101 627 1161 Varronis
644 1103 728 1160 libros
745 1124 779 1162 ex
798 1102 880 1166 iltius
900 1108 969 1169 libri

164 1180 218 1239 fide
231 1195 322 1241 notare
332 1195 484 1254 consuetus,
501 1202 592 1258 quarn,
604 1195 732 1260 quantum
747 1181 876 1259 equidem
889 1189 968 1260 scio,

166 1273 261 1340 praeter
276 1261 374 1319 Nicol.
390 1262 541 1318 Loeusem.
558 1261 673 1335 Miscell.
686 1260 821 1342 epiphyil,
838 1264 897 1342 lv,
916 1271 968 1344 ts,

163 1336 210 1418 qui
223 1338 260 1397 ita
274 1363 280 1396 :
295 1341 390 1398 Vurr‘o
404 1340 440 1396 rie
452 1340 525 1415 ling.
540 1343 593 1399 lat.
605 1343 764 1420 incoacto,
776 1360 828 1399 seu
843 1350 969 1424 quinto,
1010 1382 1012 1401 .

165 1433 198 1479 nt
212 1421 267 1479 atii
278 1437 327 1479 eos
339 1421 428 1478 libros
440 1433 605 1496 numerant,
616 1440 693 1480 nemo
705 1442 737 1479 ue
750 1423 891 1484 mentione
903 1429 969 1506 qui·
1010 1430 1012 1435 '

163 1501 224 1560 dein
238 1501 348 1578 dignam
361 1499 474 1575 censuit,
490 1512 517 1557 ct
528 1499 637 1559 videtur
648 1521 711 1559 vcro
725 1501 815 1580 inepta
830 1517 858 1562 ct
871 1507 974 1569 verbis

163 1583 295 1641 Varronis
309 1602 421 1662 prorsus
435 1581 582 1650 contraria,
599 1580 645 1654 qui
657 1581 695 1639 sic
709 1580 794 1638 dicit:
809 1627 817 1641 .
836 1627 843 1640 .
862 1619 869 1641 .
892 1630 899 1643 .
916 1607 970 1646 sex

164 1663 246 1720 tibris
257 1679 399 1741 exponere
412 1663 527 1716 institui
533 1683 540 1731 3
554 1660 590 1716 de
600 1662 646 1718 itis
656 1662 708 1718 tris
719 1672 787 1718 ante
798 1661 969 1806 huncgci,

164 1763 236 1820 qnos
249 1741 394 1820 Septumio
412 1741 487 1796 misi.
504 1743 536 1795 in
553 1741 598 1797 his
620 1739 660 1797 ad
679 1753 706 1796 te
717 1742 858 1801 scribam.
941 1746 969 1806 iu

164 1824 216 1879 tine
227 1821 290 1878 libri
305 1821 371 1879 sexti
383 1845 389 1877 :
401 1821 542 1877 institutis
556 1838 608 1876 sex
623 1818 704 1878 libris
720 1865 727 1878 .
746 1866 752 1878 .
768 1861 779 1879 .-
792 1824 845 1880 tris
859 1828 970 1906 scripsi

163 1903 199 1957 P.
216 1900 371 1978 Septumio.
385 1943 390 1955 .
405 1938 431 1956 ι.
451 1900 576 1970 triclini,
593 1919 716 1977 qnorum
730 1900 778 1957 irie
789 1913 835 1959 cst
848 1911 968 1966 tertius.

201 1980 317 2038 Nullum
332 1978 398 2035 mihi
416 1993 454 2036 cst
468 1978 667 2054 dubinm'quiu
685 1979 812 2058 hocvipsn
825 1981 969 2044 Varronis

161 2059 311 2118 testimonio
324 2060 389 2115 fretu
402 2057 483 2116 editio
498 2056 607 2123 Aldina,
626 2057 721 2137 prima,
732 2059 763 2116 ui
774 2058 868 2133 fallor,
885 2064 973 2124 exhi.-

161 2139 250 2198 huerit
264 2164 271 2197 ε
290 2139 363 2196 liber
378 2150 519 2217 qnartusz
534 2157 646 2215 eamque
659 2136 695 2195 nd
709 2158 796 2195 unum
805 2158 905 2200 omnes
919 2165 968 2203 re·
1008 2166 1012 2205 ε

160 2219 229 2297 liqui
241 2218 344 2293 sccuti3
362 2218 480 2297 nonduin
496 2217 565 2274 cuim
581 2217 608 2274 in
625 2216 766 2276 codicibus
779 2216 891 2299 scriptis
905 2221 967 2281 haec
1004 2228 1012 2299 ξ

160 2299 239 2357 lectio
256 2301 374 2362 invento.
392 2299 446 2358 Sed
459 2297 553 2355 falsam
568 2318 624 2355 osse
641 2296 823 2377 conjecturam
837 2297 966 2380 ejusqui
1004 2302 1012 2313 ’

159 2377 225 2437 ΑΙᾶ.
237 2379 381 2436 editioncn'r
392 2377 505 2451 curavit,
517 2390 542 2434 et
555 2378 577 2434 si
586 2376 634 2434 illa
645 2377 783 2437 verissimo
795 2389 821 2434 ot
832 2379 965 2438 Varrone

158 2458 218 2536 ipso
231 2459 336 2516 firmata
351 2456 469 2535 videtur,
482 2456 611 2514 facillime
625 2452 901 2536 probabim1193uam
915 2481 963 2521 rc·
1004 2534 1011 2541 ο

194 2595 201 2616 ¹
218 2588 282 2635 Ante
300 2584 442 2636 Victorium
461 2560 553 2635 Franc.
574 2580 680 2634 Puccius
702 2585 727 2633 in
746 2583 815 2633 notis
834 2582 914 2638 Mssc.
928 2585 965 2635 nd
1001 2576 1012 2627 Ῑ

159 2651 251 2701 Catull.
263 2652 337 2715 LXI,
362 2656 417 2704 t'stt.
438 2642 513 2703 uerba
525 2671 542 2700 o
553 2650 637 2702 cinere
648 2649 787 2701 cinerarius
805 2647 894 2721 (nnlg.
913 2653 963 2713 lv,
999 2634 1011 2717 i

160 2717 215 2785 29.)
229 2720 303 2767 tacite
314 2708 448 2785 ex'quiuto
461 2717 494 2769 nd
507 2718 652 2772 Ciceronem
663 2714 758 2768 laudat.
1001 2742 1004 2749 ·
