2040 3420
342 518 543 598 pn-m.
778 523 834 581 rm

79 652 132 715 58.
150 651 280 710 Praetcrca
298 672 381 729 quum
394 651 447 710 siut
461 651 496 710 ab
513 650 609 710 cadam
621 650 725 730 origine
736 650 834 710 verbo·

79 752 106 793 m
115 730 249 791 vocabula
261 728 403 790 dissimilia
416 731 596 811 superiorum,
609 730 683 810 quod
695 729 778 789 simul
787 729 836 789 ha.-

79 826 104 871 ιι
122 830 199 869 orsus
216 824 242 870 et
258 825 387 891 tempora,
405 812 458 889 qu'o
474 825 604 870 vocantur
625 811 786 890 participia;
809 825 836 871 et

79 890 126 951 alu
144 889 198 949 siut
215 890 361 965 contraria,
380 905 411 950 ut
429 912 505 949 umor
522 912 593 966 amu,
611 911 671 949 seco
689 911 785 949 secor.-
800 890 834 949 ah
918 956 921 965 ¹

79 982 140 1031 root
151 969 285 1049 ejusmodi
299 970 424 1042 omnibus
438 970 528 1029 verbis
541 973 667 1028 oriuntur
681 990 796 1049 praeseus
809 985 836 1028 et

79 1070 174 1119 urum,
185 1063 216 1108 ut
228 1070 333 1109 amans
343 1063 368 1108 et
382 1064 534 1109 amaturus
551 1076 559 1122 3
574 1049 656 1108 abeis
669 1049 760 1107 verbis
773 1062 832 1108 ter-

79 1152 108 1189 m
119 1130 191 1208 quod
203 1128 284 1189 debet
296 1132 362 1209 tingi
377 1130 516 1209 praeteriti,
530 1131 558 1187 iu
574 1130 663 1208 lingua
678 1129 775 1189 Latina
787 1151 832 1187 re·

79 1208 122 1269 riri
134 1230 187 1269 nou
198 1219 300 1290 potest:
313 1230 364 1267 uun
376 1228 440 1287 crgo
449 1226 491 1266 esc
500 1209 633 1288 analogia.
643 1210 688 1269 Sic
697 1208 732 1266 ab
742 1227 829 1277 amor,

79 1310 114 1348 or·
124 1302 150 1347 et
158 1287 292 1370 ejusmodi
302 1288 395 1349 verbis
403 1288 567 1346 vocabulum
577 1290 635 1368 ejas
647 1290 751 1367 generis
761 1304 832 1367 pra·-

79 1367 109 1427 iti
121 1370 249 1448 temporis
261 1369 308 1433 fit,
320 1382 349 1426 ut
359 1381 477 1427 amatas
491 1389 573 1441 eram,
584 1388 655 1439 sum,
667 1387 714 1425 cro
725 1391 733 1438 ;
745 1386 831 1444 neque

79 1448 176 1509 mutis
184 1462 209 1507 et
221 1448 351 1509 suturiab
362 1448 539 1507 lustin-59.
550 1448 610 1506 Non
619 1460 659 1507 est
669 1467 733 1525 ergo
741 1447 832 1505 analo·

89 1528 100 1605 ’ς
112 1529 260 1606 prasertim
273 1548 336 1587 cum
350 1540 439 1586 taurus
453 1547 580 1587 numerus
593 1527 788 1587 vocabulorum
801 1526 829 1585 iu

79 1626 176 1687 genere
187 1607 328 1677 interierit,
342 1607 417 1686 quod
431 1606 550 1667 dicimus
561 1608 587 1666 in
597 1608 641 1666 his
654 1608 755 1673 verbis,
770 1626 829 1685 quae
898 1602 903 1611 ’

78 1686 169 1747 rtraria
181 1706 234 1745 nou
247 1688 357 1758 habent,
372 1688 475 1768 loquor
486 1702 512 1746 et
522 1709 617 1747 aanor
631 1712 639 1748 r
654 1701 742 1746 tamen
756 1686 831 1746 dici-

79 1766 96 1825 s
115 1767 238 1847 iuquam
252 1780 278 1825 ct
296 1788 421 1842 neamus,
440 1768 590 1829 locuturus
609 1781 635 1826 et
655 1780 829 1840 venaturus,

79 1842 266 1914 adsocuudum
280 1847 417 1924 analogias
429 1866 481 1904 nun
498 1861 556 1906 cst:
571 1846 697 1925 quoniam
711 1845 829 1906 dicimus
866 1904 870 1911 ,

83 1946 133 1985 uor
147 1939 173 1985 rt
181 1946 273 1985 venor.
285 1925 368 1986 Unde
377 1925 424 1984 illa
436 1927 451 1956 *
465 1945 605 2006 superiora
615 1926 705 1983 miuus
714 1945 829 1983 servan.-

79 2030 92 2077 ’,
105 2004 202 2083 qnod*
216 2026 251 2064 ex
264 2005 317 2078 his,
332 2026 392 2084 quae
406 2006 538 2064 contraria
552 2004 633 2064 verba
649 2024 701 2062 nou
715 2003 830 2074 habeut,

79 2106 89 2143 ι
102 2084 226 2145 atterunt
239 2099 326 2151 terna,
343 2100 372 2144 ut
387 2106 417 2143 ca
436 2105 495 2163 qua
508 2084 581 2157 dixi,
595 2084 648 2143 alia
662 2083 737 2161 bina,
752 2096 785 2143 ut
798 2105 829 2143 ca

79 2163 212 2237 radicum,
228 2185 357 2238 currens,
376 2166 544 2237 ambulans,
563 2184 710 2235 cursurus,
726 2166 829 2223 ambu-

79 2264 173 2309 urus:
192 2243 271 2304 reaia
289 2245 362 2304 cuim
381 2245 509 2325 praeteriti
526 2264 578 2303 uon
599 2258 661 2303 sunt
677 2257 707 2302 ut
727 2262 830 2305 cursus

79 2344 106 2397 u,
118 2325 287 2383 ambulatus
297 2345 369 2383 sum.
381 2358 421 2371 --
429 2326 480 2386 60.
498 2326 538 2384 Ne
550 2320 578 2382 iu
590 2324 634 2382 his
642 2322 761 2401 quidam,
769 2344 829 2401 qua

79 2403 132 2463 rius
144 2404 212 2482 quid
226 2403 285 2462 ficri
299 2403 453 2480 ostendunt,
469 2416 592 2463 servatur
604 2404 725 2483 analogia
741 2429 749 2461 ε
765 2424 828 2462 uam

79 2495 115 2542 cst
128 2506 144 2542 a
156 2483 288 2543 cautando
299 2487 462 2544 cantitans.
474 2484 509 2542 ab
522 2483 637 2543 amando
650 2496 764 2542 antimus
774 2503 828 2541 nou

80 2562 163 2622 crsic
178 2563 274 2623 multa.
287 2565 327 2623 Ut
340 2563 368 2621 in
379 2564 422 2622 his
435 2562 628 2643 singularibus,
641 2563 719 2621 sicin
735 2562 829 2621 multi.-

79 2641 140 2702 [iuis
154 2668 162 2717 3
177 2642 333 2703 sicutenim
348 2647 536 2716 cantuaritas,
555 2642 699 2703 seditautcs
714 2661 767 2700 nou
779 2640 835 2701 di·-

79 2737 141 2781 rtur.

79 2804 124 2862 tit.
143 2802 278 2878 Quoniam
289 2816 331 2862 cst
341 2802 537 2865 vocabulorum
552 2822 636 2881 geniis
647 2798 718 2879 quod
732 2799 838 2879 appel·-

79 2895 91 2941 t
101 2883 323 2962 composititium,
335 2895 463 2962 crncgaut
469 2882 584 2941 conferri
595 2879 623 2939 id
633 2893 755 2963 oportere
764 2900 828 2941 cum

79 2962 207 3042 rplicibus
220 2962 366 3042 dequibus
380 2963 470 3021 adhu'c
480 2961 551 3038 dixi,
566 2960 601 3020 dc
614 2958 770 3041 compositis
784 2979 830 3018 sm

79 3042 148 3101 atim
167 3042 266 3105 dicam,
284 3043 355 3105 Cum
371 3043 408 3112 ab
426 3042 503 3116 tibiis
520 3056 548 3114 ct
563 3041 684 3116 aurudo
696 3042 833 3129 Ciuicam

794 3124 941 3216 h
969 3228 972 3240 .
