2250 3090
160 136 218 193 ten
439 152 522 193 nrorn
542 152 686 195 necinus.

158 256 364 321 discriminibus
375 257 484 317 facilius
502 258 670 337 reliquorum
683 259 852 321 varietatem
868 258 961 321 dim

160 360 225 399 uere
242 337 348 420 poterit,
365 336 439 416 quod
455 338 478 396 ei
498 338 597 397 habeut
611 339 704 399 exitus
720 340 817 401 aretin
831 342 962 417 nurum

162 433 260 482 terro:
273 430 320 476 arnt
330 418 358 476 in
373 417 409 488 E,
423 431 453 475 ut
463 417 515 476 bac
529 419 615 477 lance
623 439 637 487 5
646 432 694 477 aut
705 418 736 478 in
748 422 774 493 l,
787 436 822 480 ut
830 420 884 481 bac
893 420 961 493 leet}
1002 418 1008 473 l

160 511 208 556 aut
221 499 248 556 in
260 500 297 569 Ο,
313 510 342 556 ut
354 497 405 557 boc
419 498 489 556 celo
503 521 515 566 ;
528 511 575 556 aut
587 498 615 555 in
627 499 667 569 U,
683 511 715 557 ut
728 498 784 559 hoc
798 520 902 561 versu.
913 499 962 581 lgi-

160 591 206 637 tur
216 576 254 635 ad
265 576 488 636 demonstrandas
499 577 689 637 declinationes
699 578 799 659 biceps
813 580 894 663 una-l-
903 580 962 639 liet.

202 659 254 717 65.
269 657 323 718 Sed
338 657 477 736 quoniam,
496 656 544 716 ubi
559 656 692 732 analogia,
710 658 777 729 tria,
790 680 884 723 unum
897 658 964 738 quod

162 738 191 796 in
205 738 303 808 rebus,
318 737 432 796 alterum
447 736 521 816 quod
534 737 561 795 in
575 736 704 811 uocibus,
719 737 840 799 tertium
853 738 964 820 qnotir

164 831 291 896 utroque,
303 816 358 876 duo
375 817 466 897 priora
478 815 623 897 simplicia,
640 817 752 876 tertium
764 817 880 900 duplex
893 820 963 899 :ani-

164 896 390 957 madvertendum
402 894 460 955 haec
473 918 554 975 quarn
566 896 638 955 luter
649 917 677 954 se
690 896 812 957 babeant
826 901 961 961 rationem·

165 979 261 1037 —6t.
272 978 396 1037 Primum
405 997 436 1035 ea
447 997 506 1055 quae
515 990 579 1037 sunt
590 975 750 1035 discrimina
758 977 787 1036 in
801 978 898 1055 rebus,
909 1000 964 1059 par*

165 1059 216 1116 tim
228 1070 301 1135 sunt,
315 1078 375 1136 quae
384 1055 573 1116 adorationem
584 1075 637 1114 nou
651 1053 791 1132 attineant,
798 1060 904 1137 partim
913 1078 966 1137 que

167 1137 325 1217 pertineant.
335 1139 395 1196 Non
405 1136 549 1216 pertinent,
562 1149 592 1194 ut
600 1156 631 1194 ea
639 1155 700 1213 qum
710 1134 864 1197 observant
873 1134 967 1197 inedi-

167 1217 238 1275 liciis
252 1216 376 1295 eloquis
388 1214 519 1274 faciendis
531 1216 687 1292 caeterisque
703 1215 789 1275 rebus
801 1217 942 1291 artifices,
954 1236 967 1275 e

168 1296 229 1375 quis
242 1308 374 1354 vocantur
388 1295 448 1353 aliae
459 1293 633 1368 harmonicae,
648 1293 687 1353 sic
700 1294 767 1353 item
777 1295 843 1357 aliae
859 1295 967 1361 nomini-

168 1375 220 1434 bus
234 1375 296 1433 aliis
312 1398 319 1431 z
333 1373 380 1433 sed
393 1374 469 1433 nulla
482 1374 580 1434 barum
594 1375 624 1433 [it
634 1373 772 1452 loquendo
785 1396 853 1456 pars
863 1376 900 1437 ad
911 1396 968 1437 ora·

168 1456 278 1517 tionem.
293 1471 332 1517 -ὲ
344 1456 396 1516 65.
413 1456 480 1529 Quae
495 1455 628 1535 pertinent
640 1474 693 1531 res,
709 1472 748 1512 eae
759 1470 827 1515 sunt
839 1478 900 1536 que
912 1476 970 1517 rer·

168 1535 213 1595 bis
229 1533 358 1595 dicuntur
376 1535 561 1615 proportione,
577 1554 664 1611 neque
676 1554 692 1593 a
706 1534 894 1597 similitudine
908 1554 969 1615 quo·

170 1635 223 1693 que
231 1614 603 1686 vocumdeclinatushabent,
612 1626 643 1671 ut
651 1612 800 1693 Juppiter,
809 1617 968 1695 Maspiter5

171 1695 195 1754 J
194 1698 251 1765 oui,
261 1697 364 1755 Morti.
379 1696 443 1755 Haec
454 1694 525 1751 enim
535 1712 630 1772 genere
641 1696 783 1752 nominum
793 1708 822 1753 et
830 1706 970 1757 numeroet

172 1773 279 1833 casibus
292 1774 391 1833 similia
402 1786 465 1832 sunt
479 1773 549 1832 inter
562 1793 602 1847 se,
617 1771 693 1848 quod
706 1785 822 1852 utraque
832 1788 862 1835 et
870 1776 970 1835 nomina

172 1867 247 1927 sunt,
261 1866 287 1912 et
300 1853 390 1913 virilia
404 1865 477 1924 sunt,
493 1866 519 1911 et
530 1851 692 1929 singularia,
704 1865 806 1913 etcasu
817 1852 970 1915 nominandi

173 1946 201 1992 et
218 1931 421 1993 dandi-66.
443 1931 568 1991 Alterum
582 1952 671 2010 penus
689 1932 785 1993 vocale
802 1947 857 2011 est,
877 1933 906 1993 in
924 1952 971 2012 quo

173 2033 253 2072 uoces
264 2013 345 2071 modo
354 2026 417 2072 suut
425 2015 598 2091 proportione
607 2010 720 2083 similes,
731 2032 786 2071 non
797 2034 854 2090 res,
866 2028 897 2074 ut
905 2013 971 2089 biga,

174 2094 255 2173 bigae,
270 2093 376 2173 nuptia,
388 2091 613 2170 nrrptiae.'Neque
626 2092 737 2150 enimin
751 2091 797 2150 bis
806 2114 850 2153 res
863 2091 972 2173 singula·

174 2172 214 2231 ris
228 2172 319 2232 subest
333 2193 398 2246 una,
413 2192 496 2250 quom
508 2170 611 2230 dicitur
624 2171 699 2249 bigo,
718 2171 854 2252 quadriga
869 2196 879 2251 3
896 2189 972 2250 nequo

175 2253 210 2311 ab
220 2252 263 2311 bis
274 2252 386 2313 uocibus
396 2272 455 2330 quae
465 2250 597 2309 declinata
610 2263 673 2310 suut
683 2250 885 2324 multitudinis,
900 2250 973 2331 signi

176 2332 257 2391 ficant
270 2331 430 2410 quidquam,
445 2331 505 2390 ideo
518 2330 591 2407 quod
605 2330 694 2391 onmia
709 2330 909 2403 multitudinis,
921 2348 972 2409 qua

175 2410 347 2471 declinantur
359 2412 393 2470 ab
408 2430 473 2481 uno,
489 2423 519 2468 ut
533 2432 547 2469 a
560 2411 675 2483 merula,
689 2409 813 2486 merulae,
827 2426 893 2470 sunt
904 2414 972 2491 ejus·

176 2491 251 2553 modi
264 2506 294 2550 ut
309 2491 439 2572 singulari
451 2490 667 2569 subjungantur:
681 2490 719 2549 sie
728 2490 840 2557 merulae
850 2489 923 2563 duae,
933 2509 973 2549 ea·

175 2571 239 2629 tulae
253 2586 323 2640 tres,
337 2570 431 2630 faculae
449 2584 587 2648 quattuor.
600 2602 639 2619 ·-
653 2571 702 2629 67.
716 2571 810 2643 Quare
827 2591 892 2630 curn
908 2566 972 2628 idern

177 2669 230 2708 noo
243 2651 476 2731 possitsubjungi,
489 2649 563 2730 quod
575 2670 627 2710 non
636 2648 827 2732 dicimusbiga
837 2671 902 2725 uua,
914 2668 973 2727 qua‘
