2040 3420
409 503 569 545 PRAEFAHO·
832 507 891 547 ttttt

90 614 214 678 laborant
240 612 353 675 editoris
390 625 476 681 notte3
499 606 582 671 inde'x
604 625 694 673 nutem
721 612 871 692 glossamnr
883 658 892 687 ,

90 709 233 788 abaliquo
254 705 426 781 scholastioo,
446 718 477 764 ut
495 703 624 781 arltittur,
640 705 795 780 confectus,
818 708 893 766 omni

92 797 251 858 mendorum
265 816 361 877 genere
370 808 463 856 scatet.
488 793 571 853 Aliud
580 795 702 868 malum,
717 795 792 874 qnod
803 797 891 859 Sche-

95 891 137 950 dte
150 890 247 972 glossis
268 889 372 967 aliquot
383 887 502 947 minores
512 885 546 946 acl
559 887 693 948 Ursinum
703 904 891 969 pervenerant,

96 996 123 1040 ut
137 979 262 1060 quedam
276 978 303 1038 in
313 977 430 1038 editione
444 979 569 1037 Romana
581 975 681 1052 desint,
697 998 767 1057 quae,
777 977 833 1038 illo
845 999 893 1038 ne·

90 1073 238 1152 quicquam
250 1070 413 1148 obloquente
422 1089 445 1129 s.
461 1067 509 1128 stn.
524 1067 806 1149 prelationiqnunea
822 1083 892 1129 rete·

91 1163 169 1223 ribus
178 1176 243 1224 sunt
260 1150 414 1242 repetenda.
432 1166 477 1232 (v.
492 1159 560 1219 inlra
576 1159 700 1239 petre.)

132 1254 311 1316 Ursinianum
320 1251 421 1313 librum
430 1273 455 1311 a.
466 1250 555 1326 1583,
565 1250 654 1314 neseio
664 1271 698 1310 au
705 1253 893 1327 emendatius,

91 1347 203 1407 Parisiis
224 1346 309 1407 fuisse
332 1345 497 1426 repetitum,
521 1365 537 1403 e
563 1342 691 1426 catalogis
716 1343 821 1418 didici,
846 1367 895 1407 nee

90 1439 237 1500 editionem
253 1437 328 1498 hane
351 1436 419 1495 mihi
441 1435 518 1496 linuit
539 1434 680 1516 impluere.
702 1435 772 1496 lllos
793 1438 821 1495 in
837 1439 894 1497 suis

90 1529 257 1590 Auctorilrus
280 1526 392 1606 Linguae
416 1526 519 1587 Latinae
543 1525 625 1586 Dion.
642 1525 840 1601 Gotlrolredus,
860 1548 895 1588 nc

90 1621 158 1699 qnid
190 1619 290 1682 eruditi
317 1618 440 1679 lromines
465 1620 494 1677 iu
524 1617 694 1698 perlegendis
725 1618 797 1680 Festi
827 1620 894 1680 reli-

89 1711 162 1789 quiis
186 1708 390 1783 desiderarent,
416 1706 642 1788 augustinianum
676 1708 893 1788 compilationem

90 1815 116 1860 et
137 1798 292 1863 Farnerieni
309 1797 411 1860 eodieis
433 1796 778 1879 Seltednrnmquepnginas
796 1821 831 1858 ex
847 1800 891 1861 ed.

91 1894 211 1950 Romana
247 1889 338 1952 recudi
368 1890 495 1959 curavit,
515 1889 548 1947 in
570 1889 621 1948 hoc
644 1909 742 1968 parum
765 1889 895 1971 diligenti

90 1982 323 2064 typographorum
342 2003 422 2060 opera
443 2001 509 2040 usus
518 2003 527 2057 3
543 1979 566 2038 si
582 1979 692 2058 quidem
707 1980 740 2056 ii,
753 1979 847 2040 multis
866 1984 895 2041 in

88 2073 210 2153 paginis,
234 2072 337 2132 utalia
360 2072 424 2132 vitia
448 2072 592 2146 omittam,
607 2092 737 2133 versuum
760 2073 894 2154 composi-

90 2161 194 2222 tionem
207 2161 304 2223 misere
316 2161 502 2223 turbaverunt.

132 2251 316 2332 augustinum
328 2265 478 2330 sequuntur
493 2253 622 2312 Decert'us
630 2251 744 2327 (1681),
753 2265 780 2311 et
788 2253 894 2314 lleoerii

89 2341 209 2403 editores
220 2341 334 2418 Batavi,
350 2341 559 2421 (Amstelodami
579 2344 657 2403 troo
669 2344 713 2405 rel
732 2347 833 2419 1701),
843 2345 893 2404 uisi

89 2431 167 2511 quod
188 2433 233 2492 isti
253 2432 435 2513 fragmentum
455 2454 489 2493 es
510 2432 612 2494 Ursino
632 2447 772 2516 repetunt,
788 2434 835 2495 sed
847 2456 895 2515 pn·

90 2522 164 2602 ginis
185 2521 340 2602 quadratis,
363 2536 442 2604 rupta
464 2523 624 2603 paginarum
645 2542 826 2602 versuumque
840 2525 894 2583 Cn·

91 2613 163 2675 dieis
178 2611 294 2677 ratione.

131 2706 209 2779 Quot
220 2702 340 2763 maculas
355 2703 554 2785 scripturatum
568 2725 639 2786 saepe
653 2705 779 2784 varieque
788 2701 894 2763 alredi-

99 2797 200 2856 :oribus
227 2809 338 2856 tractata
361 2797 517 2857 contrahere
540 2796 680 2872 debuerit,
704 2797 782 2857 facilc
806 2795 894 2858 idonei

106 2908 191 2947 rarum
211 2907 302 2947 rerum
316 2886 424 2966 judiees
443 2889 601 2970 intelligent.
624 2886 759 2965 Equidem
772 2888 895 2969 exemplu

115 2992 247 3052 retereo,
268 2997 300 3037 ne
315 2979 436 3058 praelatio
453 2979 480 3039 in
503 2976 725 3040 commentarium
746 2993 892 3041 excrescat.
