2250 3090
162 153 204 211 bk
432 172 518 210 niens
540 171 681 224 Qninrns.

159 285 187 343 in
203 263 298 359 Latro,
314 283 445 345 nominati
460 285 543 361 lytra
555 298 582 344 et
589 287 676 365 fiber,
695 283 767 365 lytra
783 285 859 367 quod
871 287 953 349 sucei-

161 365 224 425 dere
243 362 345 425 dicitur
363 364 492 425 arborum
511 364 615 425 radices
631 366 658 423 in
673 363 734 446 ripa
749 380 832 446 etque
845 388 889 429 ees
900 366 954 427 dis·

162 444 277 519 solvere,
293 444 328 503 ab
338 444 393 505 λύω
406 449 434 520 *3
449 445 529 518 fiber,
545 459 664 504 extrema
674 446 956 511 orafluminisdexna

162 537 190 583 et
198 523 306 583 sinistra
318 544 444 585 maxume
454 525 528 605 quud
537 525 603 585 solet
614 524 703 587 videri
709 539 735 585 et
742 528 848 606 antiqui
848 530 956 611 fibram

164 602 290 665 dicebant
305 618 472 677 extremum,
487 629 502 665 a
515 627 569 684 quo
582 606 610 664 in
624 607 696 687 sagis
704 607 833 687 fimbriae
846 621 873 667 et
884 608 912 667 in
919 606 956 687 je·

166 704 228 744 cnrc
240 698 390 745 extremum
396 686 488 762 fibra,
503 685 571 745 fiber
584 684 683 747 dictus.

208 764 257 825 80.
275 767 343 839 Quae
354 779 417 824 snut
430 764 571 825 huminum
590 767 698 846 propria
736 767 850 835 rimum.
868 763 960 827 deinde

169 844 204 904 de
222 866 334 926 pecore.
351 844 429 905 tertio
446 845 480 905 de
498 847 562 905 feris
575 847 704 907 scribam.
716 788 855 927 incipiam
867 847 902 907 ab
913 845 958 915 bc,-

170 945 234 987 uore
260 924 383 1005 publico.
413 924 523 986 Consul
550 927 718 997 nominatus,
743 928 791 1006 qui
816 926 956 988 consuleret

169 1004 303 1147 pnpubhm
320 1019 495 1081 assuetum,
515 1007 567 1065 nisi
585 1007 662 1067 illinc
675 1008 767 1088 potius
784 1007 859 1068 unde
870 1004 959 1067 Accius

172 1099 209 1144 art
223 1107 251 1145 in
287 1099 367 1145 ruto:
452 1128 455 1133 .

217 1212 276 1289 Qui
289 1224 364 1268 recte
378 1210 525 1283 consulat,
542 1212 765 1291 conmiserat*

175 1336 289 1473 {mitur
301 1331 399 1409 dictus,
413 1332 461 1411 qui
473 1334 579 1415 praeiret
587 1335 650 1416 jure
660 1349 687 1397 et
697 1335 835 1415 exercitu3
850 1324 955 1413 aquei!

203 1435 236 1474 uc
260 1434 319 1473 ius:

218 1543 297 1622 Ergo
310 1554 468 1618 praetorum
481 1554 524 1602 est
536 1543 699 1604 nundine*

180 1668 270 1728 -81,
281 1669 399 1741 Censor,
408 1665 445 1725 ed
455 1668 553 1744 quujus
565 1667 725 1739 censionem,
732 1665 763 1724 id
773 1661 963 1747 estarhiuiun,

181 1762 332 1809 censeretur
344 1747 473 1828 populus.
490 1747 617 1823 AEdtlts,
634 1749 681 1826 qui
694 1746 764 1806 aedes
778 1764 867 1805 sacius
880 1756 904 1802 ct
915 1756 959 1826 pus

181 1844 256 1889 vatas
266 1841 430 1909 procuraret.
446 1828 632 1905 Qnoestoresa
643 1825 796 1904 quaerendo,
810 1825 962 1908 qiticonqutj
996 1834 1000 1897 ¹,

183 1923 271 1969 terent
288 1907 410 1988 publicas
428 1906 556 1987 pecunias
567 1921 593 1965 et
607 1907 752 1977 maleficia,
768 1922 828 1983 quae
839 1902 960 1962 triumviri
998 1908 1000 1969 ζ

184 1987 309 2069 capitales
323 2007 395 2046 nunc
407 1988 584 2064 conquirunt3
601 1986 634 2044 ab
649 1986 693 2044 bis
709 1998 816 2066 postea,
831 1982 877 2062 qui
890 1990 965 2060 quw·
998 1976 1000 2019 !

184 2070 288 2128 tionum
300 2065 404 2146 judicia
421 2080 561 2138 exercent,
581 2067 743 2144 Qnoestores
760 2063 838 2123 dicti.
859 2060 962 2121 Tritum
998 2066 1000 2127 ξ

185 2149 322 2208 militum.
336 2144 411 2226 quud
426 2147 494 2205 terni
506 2146 594 2204 tribus
605 2144 732 2205 tribubus
746 2142 904 2216 Ramniurn,
917 2139 962 2227 itt·
998 2142 1000 2205 ἔ

187 2251 287 2304 cerum,
300 2227 403 2286 Titium
419 2225 484 2284 olim
498 2224 533 2283 ad
548 2224 694 2284 exercitum
712 2224 898 2284 mittebantur.
914 2217 965 2303 Ttt·

190 2314 260 2369 huni
273 2309 378 2390 plebei,
394 2305 467 2384 quod
480 2327 513 2364 cx
528 2305 645 2363 tribunis
658 2304 777 2364 militum
797 2302 914 2385 primum
927 2309 965 2357 ω·

188 2389 256 2449 buni
265 2388 352 2470 plebei
362 2389 425 2446 fecti
434 2387 482 2464 qui
492 2385 598 2465 piebem
606 2384 786 2460 defenderent,
798 2389 826 2441 in
837 2377 969 2467 senensium

190 2471 449 2530 Crustumerina.-
457 2469 506 2527 8n.
522 2466 667 2539 Dictator,
679 2466 755 2544 quod
768 2486 782 2522 a
793 2461 902 2524 consule
909 2455 969 2517 dne

191 2552 280 2623 batur,
299 2549 361 2628 quoi
378 2547 450 2607 dicto
467 2545 610 2609 audientes
621 2566 713 2606 omnes
727 2558 824 2604 essent.
842 2541 971 2625 Magtnn

193 2634 334 2707 equitum,
351 2628 425 2707 quod
443 2648 548 2687 summa
566 2639 682 2707 potestas
700 2625 783 2707 hujus
801 2628 829 2683 in
841 2623 972 2708 eqru'testt

95 2748 118 2793 χ
195 2730 334 2790 accensus,
356 2723 387 2768 ut
401 2722 442 2769 est
460 2728 565 2768 summa
586 2704 681 2787 popuii
701 2704 831 2783 dictator,
852 2724 868 2765 a
887 2718 938 2783 qun
953 2714 974 2755 ts

119 2794 136 2914 i
