2250 3090
159 144 218 203 ΝΞ
436 157 520 199 nura
540 158 682 200 onravus.

156 262 234 323 rnilia
254 261 308 322 cito
320 260 443 320 oninium
463 280 655 321 conservorum
671 260 790 323 nominis
803 275 880 323 tuoto
891 283 955 323 casu

157 356 264 424 aooepto
283 342 310 401 iu
331 340 450 419 reliquos
468 340 594 420 obliquos
612 336 842 403 declinant-l.
858 342 956 419 Quiai

157 441 350 500 nonnunquam
377 419 539 494 offendunt,
567 441 621 481 uon
643 434 684 505 ept
706 421 829 483 minume
854 421 957 483 etenim

157 501 201 561 illi
221 501 270 581 qui
294 499 375 581 primi
399 501 507 559 nomina
531 500 717 580 imposuerunt
734 501 832 575 rebus,
858 502 957 563 tom

157 601 227 640 aean
250 580 278 641 in
289 577 454 659 quibusdam
471 580 524 638 sint
539 578 625 659 ΙΙῑιρείς
639 579 758 640 voluisse
771 581 847 641 enim
859 594 957 664 putant

156 660 302 741 singularis
312 680 354 719 res
367 672 469 733 notare,
479 673 509 719 ut
518 680 552 718 ex
561 659 604 718 his
616 662 643 718 in
651 660 857 721 multitudinem
869 660 956 723 decli·

156 752 278 817 naretur,
292 740 328 798 ab
339 741 456 798 homine
469 741 615 809 hominen-
627 739 666 799 sio
683 760 772 799 mares
786 740 892 801 liberos
900 762 955 805 uo-

156 818 241 879 luisse
255 818 352 894 notari,
363 832 395 878 ut
413 840 449 878 ex
464 818 509 878 tis
524 819 630 877 seminar
642 817 853 892 declinarentur,
866 835 897 882 ut
916 834 955 881 ert

156 896 192 958 ab
219 901 352 960 Terentio
374 900 525 969 strenua,-
548 898 587 957 sio
606 897 635 957 in
651 911 723 957 neoto
736 920 801 960 casu
814 921 886 979 quas
904 900 953 959 irn-

156 980 284 1058 ponerent
298 999 387 1052 voees,
403 991 434 1037 ut
453 978 531 1038 illino
541 991 630 1037 essent
647 978 745 1037 lutura
763 1000 824 1070 rprae
836 979 955 1040 declino·

156 1072 250 1125 rentur
262 1084 269 1118 r
287 1059 333 1118 sed
345 1057 442 1118 heo'in
455 1058 581 1118 omnibus
594 1071 683 1118 tenere
695 1078 830 1136 nequisse,
842 1057 920 1139 quod
929 1072 954 1119 et

156 1158 216 1196 unae
237 1136 366 1198 dicuntur
386 1159 497 1215 seopoe,
514 1151 540 1197 et
558 1157 616 1196 mas
633 1151 659 1197 et
678 1138 778 1197 femina
793 1139 910 1221 aquila,
928 1150 954 1198 et

156 1230 228 1277 recto
249 1231 276 1277 et
294 1218 406 1296 obliquo
419 1216 554 1277 vocabulo
569 1221 628 1276 vis.
638 1215 710 1276 -8.
726 1218 805 1292 Quor
824 1219 885 1280 hae
901 1236 951 1278 non

88 1312 95 1323 “
155 1310 210 1356 tarn
221 1296 275 1357 sint
287 1297 315 1357 in
326 1297 512 1378 culpa,.quam
524 1310 632 1378 putant,
643 1297 771 1388 pleraque
782 1299 952 1359 solverenun

154 1373 279 1453 difficile,
292 1376 340 1437 sed
354 1397 425 1437 nnnc
435 1397 489 1436 non
503 1396 685 1448 uecesse;uon
695 1395 767 1436 enim
780 1376 851 1457 quid
881 1390 952 1439 otoo·
1028 1394 1032 1431 t

156 1457 212 1517 rint
223 1456 350 1538 adsequi,
372 1456 421 1516 sed
435 1455 503 1536 quid
519 1456 667 1532 voluerint,
680 1454 716 1515 ad
730 1455 783 1517 hoo
796 1479 834 1537 qu
889 1476 950 1538 pro·
1020 1474 1027 1509 ¹

111 1599 113 1603 ,
156 1536 287 1615 positum,
307 1538 400 1612 refert,
414 1536 489 1616 quod
511 1534 597 1595 nihilo
612 1537 703 1595 minus
721 1533 853 1598 declinari
871 1546 950 1629 potest
1016 1552 1022 1608 t

157 1615 236 1677 abeo
251 1617 325 1697 quod
338 1617 525 1698 imposuerunt
543 1636 639 1696 scopae,
653 1636 745 1695 scopa,
759 1638 843 1698 quarn
859 1638 884 1677 u
902 1616 946 1677 im·
1012 1623 1017 1666 ¹

155 1697 309 1776 posuissent
321 1718 412 1778 soopa,
427 1696 461 1755 ab
475 1716 506 1755 eo
518 1716 604 1774 soopae
611 1718 620 1772 3
631 1694 741 1754 sicalia.
1007 1706 1013 1762 t

196 1778 226 1838 9.
241 1778 342 1851 Causa,
358 1778 468 1854 inquam
478 1821 486 1852 ,
498 1795 567 1853 quor
577 1775 591 1805 *
601 1775 636 1834 ab
648 1774 782 1855 impositis
800 1773 944 1835 nominibus
1005 1786 1008 1809 ·’

158 1856 342 1932 declinarint,
354 1877 384 1915 ea
399 1859 454 1915 est*
469 1875 551 1933 quam
566 1853 679 1914 ostendi.
694 1853 836 1930 Sequitur,
854 1855 882 1916 in
895 1869 943 1932 qu·

155 1935 295 1998 voluerint
303 1935 431 1996 declinari
440 1949 488 1994 aut
497 1933 680 2008 noluerintut
689 1934 836 2012 generatim
844 1950 941 1994 aosnn·

155 2016 262 2090 metim,
277 2016 341 2075 item
355 2015 383 2074 in
394 2014 498 2074 formis.
514 2016 576 2075 Duo
590 2015 662 2072 enirn
680 2033 776 2093 genera
787 2015 938 2074 verberim:
987 2086 989 2095 Ι

157 2115 243 2155 unum
252 2093 411 2167 fecundum,
424 2092 499 2172 quod
511 2091 672 2152 declinando
686 2093 785 2152 multas
797 2115 832 2154 ex
845 2114 872 2154 se
884 2087 940 2174 parit

156 2173 295 2257 disparilis
305 2176 417 2245 formas,
435 2187 515 2232 otest
530 2174 604 2312 lppo,
618 2174 700 2253 legis,
717 2174 824 2263 legam,
838 2173 876 2233 sio
885 2169 938 2231 alia:

156 2255 272 2316 alterum
291 2275 375 2335 genus
392 2253 540 2331 sterile,.qu
600 2273 633 2312 ex
646 2273 675 2310 se
694 2266 766 2333 parit
779 2252 860 2328 nihil,
872 2255 939 2311 utet

158 2338 258 2409 etiam,
271 2339 338 2406 uix,
358 2355 433 2407 cras,
454 2335 558 2413 mugra,
574 2334 755 2414 quon-10.
768 2335 889 2408 Quarum
901 2346 938 2410 tr}

158 2435 220 2477 rum
237 2437 301 2474 usus
316 2428 373 2474 erat
385 2413 517 2493 simplex,
532 2411 665 2493 simplex*
677 2411 813 2471 ibietiam
829 2401 936 2490 voeabul!

157 2492 318 2568 declinatus,
331 2508 361 2554 ut
372 2494 400 2552 in
414 2514 468 2572 qua
486 2491 567 2551 domo
581 2513 651 2551 unus
663 2513 769 2567 servus,
790 2511 843 2550 uno
859 2481 935 2549 senil!

157 2588 237 2662 opust
257 2574 378 2646 nomine;
393 2573 421 2631 in
444 2594 499 2651 qua
519 2572 616 2642 multi,
632 2571 766 2652 pluribus.
777 2571 863 2651 Igitur
878 2580 902 2626 et
913 2561 934 2619 it

35 2623 79 2727 ι
158 2651 201 2714 lus
214 2653 313 2730 robus,
328 2674 387 2737 quae
400 2653 497 2714 verba*
511 2651 759 2727 suntet*non1ina,
773 2649 846 2731 quod
855 2639 932 2712 docu-
