2250 3090
217 150 276 210 196
486 168 574 210 ninus
593 170 736 213 nuciuns.

214 280 291 344 dicas
311 302 365 365 pro
378 282 498 375 fauces,
508 283 605 365 saux.
622 282 680 346 libi
698 282 824 363 additur,
836 282 883 350 ‘ex
902 288 980 371 quadi

213 376 300 443 parto,
314 362 450 445 significat
458 374 579 424 non'csse
588 363 616 423 in
625 364 822 428 consuetudine
832 366 864 428 in
874 368 920 430 liis
929 368 980 431 vcrl

213 442 405 524 omnispartis,
414 456 445 503 ut
454 440 619 504 declinatum
630 448 980 528 umo,juuo;cmor,1'uu

252 524 302 585 ⁷9.
316 522 392 600 Quid
409 522 550 586 videretur
566 524 690 607 analogia
705 524 735 586 in
752 526 891 605 oratione,
904 542 933 589 et
950 546 980 611 qt

211 602 323 664 haberet
331 602 445 689 species,
459 617 485 665 ct
498 624 558 699 quae
568 604 602 665 de
614 604 659 666 his
671 604 810 700 sqqueuda
819 606 976 685 videretur,

211 683 290 748 brevi
309 685 396 767 potui,
412 685 577 767 inloumav1;
595 704 668 745 nunc
685 704 714 745 1n
728 678 833 766 quibus
853 706 908 747 non
921 686 980 749 deu

210 783 280 843 csse,
298 786 330 843 ac
350 764 465 849 proinde
482 781 514 826 ac
531 764 627 826 debeat
641 764 724 826 soleat
740 766 841 846 quaeri,
857 764 980 828 dicaml

210 846 266 906 lere
279 861 343 907 sunt
407 858 469 907 tuor
478 866 596 927 genera:
627 844 727 906 rimum
740 846 770 905 iu
783 845 814 904 id
826 866 917 927 genus
925 844 980 910 vul

210 946 271 1005 quae
284 946 337 986 non
375 926 537 1004 eclinautur,
555 868 679 1006 analdgia
695 944 748 985 non
763 924 847 987 debet
866 924 965 1007 quari,

209 1007 238 1066 in
252 1006 295 1067 his
313 1026 452 1087 nequam,
470 1026 551 1080 mos,
566 1010 632 1066 uix.
646 1004 747 1067 -80.
763 1006 806 1064 De
819 1004 866 1066 his
883 1006 971 1086 magis

209 1086 264 1147 alio
277 1106 359 1165 quam
371 1086 400 1145 in
413 1084 469 1144 alio
481 1097 587 1145 erratur
599 1084 683 1146 verbo
696 1107 705 1161 3
722 1082 790 1145 dant
802 1086 879 1146 enim
891 1104 947 1146 non
959 1082 980 1143 lu

207 1167 272 1228 bere
289 1186 365 1226 usus
379 1184 446 1225 mox
458 1177 485 1223 et
497 1166 546 1226 vix
558 1186 569 1241 ;
584 1183 700 1242 nequam
716 1164 828 1240 habere,
846 1164 923 1245 quod
937 1162 980 1224 dic

207 1266 270 1307 mus
285 1245 365 1305 hicn
435 1265 462 1303 m
478 1257 506 1304 et
521 1243 603 1324 hujus
619 1260 736 1323 nequam
753 1255 781 1302 et
793 1244 863 1306 huic
875 1262 980 1325 ncquau

207 1324 361 1385 cumcuim
404 1324 499 1383 'cimus
521 1322 567 1387 hic
586 1342 701 1402 nequam
722 1334 749 1381 et
767 1320 853 1402 hujus
876 1343 980 1402 nequan

205 1418 266 1464 tum
278 1402 398 1465 hominis
413 1403 482 1485 ejus,
498 1422 578 1483 quem
592 1403 721 1463 volumus
734 1399 881 1464 ostendere
894 1423 950 1462 esse
960 1420 980 1461 n

205 1504 300 1563 quam,
315 1480 434 1544 dicimus
446 1504 532 1556 casus,
545 1495 572 1544 ct
585 1481 611 1541 ei
625 1480 812 1563 preponimus
823 1495 886 1542 tum
901 1484 949 1543 lz'ic
959 1498 980 1539 n

205 1583 280 1638 men,
292 1566 392 1644 quojus
403 1577 530 1645 putamus
542 1561 702 1641 nequitiam.
714 1595 757 1613 ·-
769 1558 822 1622 81.
838 1560 922 1637 Quod
928 1578 980 1622 sou

205 1640 304 1703 bulum
318 1643 418 1703 factum
439 1657 470 1702 ut
487 1662 523 1703 ex
539 1662 592 1703 non
609 1653 638 1701 et
650 1638 717 1701 volo
737 1638 806 1698 uolo
817 1663 826 1714 3
838 1643 878 1700 sic
892 1660 925 1700 ex
938 1656 980 1698 net

207 1720 367 1801 quidquam,
376 1722 441 1781 item
449 1720 640 1784 mediacxtrita
650 1718 768 1801 syllaba,
780 1733 904 1780 coactum
911 1732 947 1777 cst
955 1734 980 1776 ue

230 1823 308 1862 uum.
319 1802 415 1880 ltaque
434 1815 467 1862 ut
482 1822 547 1862 cum
562 1820 643 1883 quem
656 1812 788 1882 putamus
806 1818 927 1859 essenon
943 1794 980 1856 hil

173 1952 177 1959 ¹
208 1822 325 1944 dicimus
342 1880 431 1941 nihili
446 1881 550 1942 :sicin
568 1900 621 1962 quo
659 1893 767 1939 utamus
784 1899 842 1939 esse
858 1870 980 1957 nec'quid

210 1985 301 2045 qnam,
311 1961 429 2022 dicimus
443 1981 580 2043 nequam.
590 1994 620 2008 —
631 1900 684 2020 dd.
695 1956 832 2037 Secundo,
843 1959 867 2018 si
878 1970 980 2018 unumst

210 2047 271 2108 lum
283 2042 383 2104 habent
396 2060 488 2102 casum
503 2040 531 2100 in
544 2061 619 2114 voce,
632 2037 708 2119 quod
721 2058 776 2098 non
790 2038 959 2123 declinentur,
965 2048 980 2088 u

209 2128 296 2191 literae
308 2143 410 2185 omnes.
422 2120 528 2199 Tertio,
538 2121 562 2182 si
573 2119 720 2201 singularis
729 2132 770 2179 est
783 2118 909 2180 vocabuli
917 2126 980 2179 uuo

212 2230 299 2292 neque
311 2205 392 2269 habet
401 2224 463 2263 cum
475 2222 528 2282 qua
540 2199 690 2282 comparari
702 2198 798 2280 possit,
810 2213 841 2260 ut
849 2219 904 2259 csse
913 2196 980 2278 putul

215 2303 313 2374 caput,
327 2288 430 2370 capiti,
445 2286 558 2367 capitis,
573 2283 676 2363 cupite.
689 2281 839 2356 Quartum,
850 2279 873 2340 si
885 2298 913 2338 ea
924 2285 980 2336 cou-

214 2374 281 2438 bula
299 2382 438 2454 quattuor,
454 2385 515 2446 quae
537 2362 711 2424 conferuntur
729 2359 800 2419 inter
817 2381 860 2436 se,
882 2354 980 2418 rationu

196 2444 199 2449 ⁸
217 2454 287 2519 non*
295 2452 396 2516 habent
404 2467 486 2530 quam
496 2455 611 2529 oportet,
619 2453 650 2500 ut
659 2458 748 2520 socer,
758 2442 857 2502 socrus
866 2438 980 2510 numu

220 2557 425 2680 soqqpscomm
438 2611 467 2670 in
482 2606 582 2689 quihus
597 2600 693 2663 debeat
711 2599 797 2694 quaeri
812 2595 934 2677 analogia,
945 2585 980 2679 lul

223 2698 334 2762 totidem
353 2692 453 2777 quadus
472 2689 571 2754 dehent
590 2702 646 2747 osse
667 2681 813 2762 conjuncti.
830 2676 947 2745 uuum,
963 2675 977 2712 ¹¹
