2040 3420
325 544 330 555 ·
405 539 582 621 §.t-ts.
835 544 893 602 ens

93 667 169 729 mino
180 665 256 727 vocis
272 667 363 749 plura,
377 668 538 748 propagines
550 665 660 747 plures;
674 677 699 723 et
710 663 738 724 in
750 663 793 724 his
802 654 893 740 rebus,

176 767 207 806 co
229 747 280 807 ulae
293 762 355 807 sunt
368 769 399 806 ao
413 748 532 828 jungunt
544 745 638 819 verbe,
655 743 729 824 quod
749 764 804 804 non
824 766 894 826 opus

127 827 149 885 't
161 768 292 886 deciioari
308 825 335 890 in
351 827 439 908 plora,
457 829 513 886 iere
526 825 632 906 singule
651 838 729 884 sunt:
744 844 799 884 uno
821 826 893 886 enim

90 905 154 967 loro
178 906 292 986 alligare
312 907 399 988 possis
424 906 473 967 vol=
490 903 694 969 hominem,vel
723 912 819 984 equoni
849 906 893 965 vei

90 984 172 1047 aliud
188 987 272 1065 quod,
288 986 419 1065 quicquid
437 1001 476 1046 cst
496 985 569 1065 quod
583 1006 644 1046 cnm
657 984 740 1043 altero
755 998 841 1065 potest
851 985 894 1045 al·

89 1065 185 1144 ligeri.
207 1067 254 1127 Sic
271 1067 345 1145 qnod
366 1066 484 1126 dicimus
498 1067 526 1124 in
548 1063 700 1141 loquendo,
722 1064 824 1124 Consul
842 1066 894 1124 snit

89 1144 205 1206 Tullius
220 1159 247 1205 et
260 1145 392 1206 Antonius
404 1171 411 1204 ε
425 1146 519 1204 eodem
533 1146 582 1204 illo
595 1157 622 1203 et
633 1144 720 1204 omnis
732 1143 810 1203 binos
825 1165 889 1204 con-

89 1224 168 1285 sules
181 1225 310 1306 colligare
328 1246 483 1307 possumus,
495 1224 540 1285 vel
556 1224 646 1283 dicam
660 1223 789 1304 amplius,
803 1224 892 1282 omnia

89 1304 215 1379 nomina,
230 1319 310 1384 atque
325 1305 385 1366 ideo
396 1305 476 1365 etiam
487 1305 576 1363 omnia
589 1303 688 1376 verba3
703 1324 766 1362 cum
778 1302 895 1362 fulmen·
934 1306 936 1309 ’

89 1386 169 1444 tu'm*
184 1404 217 1444 ex
230 1405 282 1444 una
300 1385 418 1464 syllaba,
432 1383 502 1444 illud
516 1397 555 1458 et,
571 1396 676 1443 manent
691 1403 783 1442 unum.
804 1381 894 1458 Quare

89 1461 290 1538 «incenatum,
304 1464 475 1524 *institutum
494 1465 560 1540 θεῖ’,
573 1464 619 1522 ut*
632 1483 692 1542 quae
710 1463 747 1521 im
769 1463 836 1522 osita
851 1484 893 1522 es-

89 1557 153 1604 sent
166 1544 301 1604 vocabula
319 1545 415 1618 robus,
430 1565 464 1604 ne
480 1544 515 1605 ab
533 1544 659 1604 omnibus
677 1543 721 1603 his
742 1484 893 1603 ‹ieelinatus

89 1635 227 1704 putarent.
523 1696 526 1700 .
817 1668 820 1682 .

132 1704 182 1764 tt.
197 1707 321 1780 Quorum
334 1725 463 1783 generunt
476 1703 670 1764 declinationes
681 1703 817 1777 oriuntur,
832 1725 893 1783 par-

89 1796 131 1842 tes
143 1785 271 1843 orationis
282 1799 344 1843 sunt
358 1782 429 1856 duae,
444 1783 479 1859 si,
492 1784 555 1844 item
571 1798 601 1842 ut
619 1784 702 1858 Dion,
714 1783 740 1840 in
753 1783 802 1842 tris
820 1782 894 1843 divi-

89 1861 207 1922 serimus
226 1877 316 1944 partes
329 1884 383 1937 res,
397 1873 457 1941 quie
475 1863 566 1922 verbis
578 1863 766 1941 significantur
779 1885 785 1918 ι
798 1881 892 1932 unam,

89 1958 152 2021 quae
165 1941 334 2021 adsignificat
347 1962 457 2001 cassus:
473 1941 593 2016 alteram,
607 1962 666 2018 qoae
679 1955 818 2022 tempora:
832 1955 893 2002 ter-

89 2021 168 2095 tiom,
182 2042 242 2101 quae
254 2035 390 2080 neutrum·
407 2022 447 2080 De
458 2021 502 2080 his
518 2020 673 2081 Aristoteles
683 2021 812 2080 orationis
825 2020 893 2081 duos

89 2114 181 2182 partes
190 2122 247 2161 esse
255 2100 332 2176 dicit,
343 2101 475 2161 vocabula
485 2115 510 2159 et
518 2101 613 2175 verba,
623 2113 653 2158 ut
662 2102 748 2160 homo
758 2115 783 2160 et
792 2121 892 2184 equos,

89 2194 117 2240 et
135 2180 206 2262 legit
222 2195 250 2243 et
262 2183 459 2241 cuerit-19.
472 2181 622 2258 Utriusque
639 2180 744 2258 generis
764 2194 791 2240 et
809 2201 892 2241 vocn-

89 2260 197 2321 buti'et
216 2261 293 2321 verbi
311 2260 436 2340 quandam
457 2260 559 2343 priore,
575 2259 699 2338 quaedatn
722 2260 890 2341 posonium

89 2341 196 2423 priora,
207 2353 238 2400 ut
246 2341 630 2421 homo,soribit,posteriora,
641 2354 673 2401 ut
686 2341 789 2401 doctus
802 2354 830 2401 et
840 2342 893 2400 do·

90 2433 155 2492 cte,·
171 2419 273 2481 dicitur
293 2421 366 2480 enim
388 2421 473 2480 bomo
494 2423 607 2494 doctus,
630 2435 656 2480 et
676 2422 778 2479 scribit
796 2421 889 2485 docte,

89 2501 155 2561 Haec
171 2500 295 2579 sequitur
308 2513 334 2560 et
346 2500 422 2560 locus
434 2514 460 2560 et
474 2512 590 2582 tempus,
606 2499 679 2579 quod
692 2520 778 2578 neque
792 2502 890 2568 homo,

89 2599 140 2640 neo
155 2581 254 2657 scribit
266 2593 353 2661 potest
365 2580 423 2640 sine
443 2581 503 2640 loco
523 2593 550 2641 et
569 2594 689 2662 tempore
702 2601 780 2639 esse:
804 2579 840 2638 ita
864 2595 893 2639 ot

89 2660 177 2739 magis
188 2660 225 2719 sit
239 2660 315 2736 locus
325 2658 430 2718 homini
442 2663 611 2741 conjunctus,
623 2674 729 2741 tempus
738 2659 889 2741 scriptioni.

90 2741 185 2799 -ts
200 2741 290 2817 Quom
306 2738 399 2801 dehis
410 2759 506 2798 nomen
520 2738 555 2798 sit
568 2739 689 2821 primum
706 2739 806 2820 (prius
818 2738 891 2799 enim

89 2838 187 2879 nomen
200 2833 250 2898 est,
265 2841 349 2898 qnam
368 2819 657 2900 verbum*temporele;
670 2833 703 2879 et,
716 2819 821 2897 reliquo
843 2839 892 2899 po·

89 2899 207 2973 sterius,
223 2921 305 2978 quam
325 2918 422 2960 nomen
436 2911 464 2958 et
481 2898 615 2959 verbum:
632 2900 720 2980 prima
737 2899 819 2982 igitur
839 2920 892 2960 no-

90 2979 193 3051 mina):
210 3001 295 3058 quare
307 2977 342 3036 de
355 2998 448 3038 eornm
470 2977 659 3052 declinatione,
675 3001 756 3058 quarn
777 2979 811 3040 de
829 3000 890 3040 ver-

89 3058 201 3133 borum,
214 3072 275 3120 ante
288 3057 388 3119 dicem.
