2250 3090
217 175 256 235 56
503 193 591 234 rinnnn
612 194 729 235 sunaus.

255 306 325 365 Non
338 307 434 366 omnis
447 316 520 366 aetas
532 307 574 364 ad
579 307 793 386 perdicendum
801 321 847 369 cst
858 312 941 384 catut

213 430 277 491 binc
289 443 374 510 poetae
381 431 506 490 AEternc
520 432 627 511 templa
641 431 716 490 caeli.
772 437 775 441 ’
835 513 840 521 Ι

254 569 302 625 lb.
320 563 364 625 nd
377 567 509 625 naturalia
527 566 683 625 discrimina
702 567 795 627 civilia
807 566 969 630 vocabolatl

213 667 275 703 rum
286 660 462 707 accesserunt.
478 647 572 706 Dicam
582 646 716 726 priusqui
727 646 841 707 deorum
852 669 941 720 causa,
951 660 970 707 tr

213 725 262 802 qui
274 727 427 797 bominum,
445 727 498 785 sint
507 726 623 786 instituti
635 726 704 786 dies.
718 726 751 785 A
771 730 876 787 urnales
885 750 969 811 perqt

213 826 262 864 rex
272 807 299 865 in
310 806 383 885 regia
396 806 505 865 arietem
516 806 648 877 immolat,
660 804 727 865 dicti
738 748 773 865 ab
786 828 882 887 agone.
894 830 925 868 eo
938 828 969 887 qn

213 884 394 964 interrogatur
411 907 427 943 a
447 886 568 967 principe
584 885 712 957 civitatis,
734 900 760 945 et
778 887 905 969 princeps
924 906 969 968 gro¹

214 964 377 1025 immolatur.
395 961 596 1024 carmentalia
605 966 777 1024 nominantur
787 968 862 1044 qnod
870 980 969 1028 saenatt

213 1058 240 1103 et
252 1048 324 1105 leriae
335 1047 494 1106 Carmentis.
506 1080 543 1091 —
556 1048 605 1106 15.
622 1047 792 1124 Lupercalia
806 1045 879 1107 dicta
891 1045 962 1126 qnod

213 1126 360 1205 Lupercali
390 1124 495 1206 luperci
521 1147 594 1184 sacra
617 1125 729 1184 faciunt.
750 1126 809 1184 Rex
832 1126 969 1204 qrruml'er

212 1218 363 1263 tnenstrnas
379 1206 467 1263 Nonis
486 1204 641 1263 Februariis
660 1203 753 1274 edicit,
768 1205 843 1264 bunc
862 1206 969 1265 ‹liernl

213 1285 349 1342 bracatum
365 1284 490 1363 appellat.
509 1286 659 1343 Februum
680 1283 775 1343 Sabini
792 1299 969 1364 purgamento

212 1375 239 1421 et
249 1362 279 1421 id
292 1364 318 1420 in
331 1364 412 1422 sacris
426 1364 524 1422 nostris
536 1366 651 1423 verbum
663 1387 672 1439 ;
686 1385 748 1423 nam
761 1378 787 1423 ct
801 1363 960 1445 Lupercalia

211 1443 331 1519 bruenio,
346 1444 414 1502 utin
428 1444 626 1522 Antiquitatum
640 1444 717 1503 libris
727 1441 919 1504 demonstravi.
939 1444 969 1523 ρ]

212 1523 322 1582 rinolia
342 1546 357 1582 a
369 1524 497 1599 Quirino,
510 1523 584 1602 qnod
596 1523 622 1582 ei
634 1522 685 1582 deo
695 1523 767 1581 leriae
777 1537 804 1582 et
816 1545 910 1583 eorum
922 1524 969 1584 bon

211 1622 289 1675 num,
305 1605 352 1681 qui
364 1604 561 1663 Furnacalibus
574 1604 630 1662 suis
644 1624 697 1662 non
710 1603 821 1662 fuerunt
833 1605 929 1663 feriati.
948 1606 969 1662 F

213 1682 292 1741 ralia
304 1684 339 1741 ab
358 1684 450 1743 inleris
465 1697 491 1742 et
508 1683 628 1754 ferendo,
647 1682 720 1760 qnod
737 1684 827 1743 lerunt
841 1696 900 1743 tum
914 1682 969 1764 epul

213 1760 248 1820 ttd
258 1762 421 1842 sepulcrum,
436 1764 536 1841 quibus
543 1764 589 1840 jns
599 1763 637 1822 ibi
649 1775 797 1842 parentare.
817 1759 969 1822 Terminali

213 1842 286 1921 quod
300 1842 324 1901 is
340 1844 398 1902 dics
412 1842 474 1901 anni
487 1857 622 1900 extremus
635 1842 796 1901 constitutus
808 1866 817 1919 3
831 1842 967 1901 duodecim

213 1922 285 1980 etnim
295 1924 394 1980 mensis
402 1922 453 1980 luit
465 1921 639 1993 Februarius,
649 1936 675 1980 et
685 1942 767 1999 quom
776 1918 969 1993 intercalatur,i

212 2001 322 2061 leniores
339 2003 458 2080 quinque
477 2000 536 2060 dies
547 2000 719 2073 ,duodecimo
738 2000 887 2061 demuntur
905 2019 969 2060 mens

213 2082 340 2161 Equiria
351 2081 385 2139 ab
402 2101 531 2159 equorum
549 2102 631 2141 cursu
645 2104 653 2153 3
665 2102 696 2140 co
715 2079 760 2139 dic
772 2082 845 2140 enim
858 2081 929 2140 ludis
939 2099 967 2137 cn

213 2175 276 2222 r'unt
289 2161 317 2219 in
333 2163 431 2221 ltlartio
440 2182 544 2241 campo.
556 2193 597 2208 -
610 2160 657 2219 tt.
671 2162 824 2219 Liberalia
835 2161 918 2227 dicta,
931 2177 969 2236 qut

213 2264 261 2322 per
273 2256 358 2300 totum
373 2240 504 2323 oppidum
520 2262 550 2299 en
567 2241 611 2299 die
630 2241 723 2300 sedent
740 2239 969 2307 sacerdotesbiber

211 2343 279 2382 anns
291 2323 369 2382 edera
379 2335 529 2389 coronatae,
544 2343 606 2379 cum
619 2321 684 2379 libis
698 2335 722 2379 ct
736 2320 826 2379 foculo
839 2341 889 2400 pro
902 2328 969 2396 empti

211 2412 240 2461 re
253 2404 442 2463 sacrificantes.
461 2402 491 2460 ln
509 2401 588 2460 libris
607 2401 755 2477 Saliorum,
773 2422 892 2477 quorum
904 2414 969 2476 cogat

210 2503 271 2541 rnen
291 2483 490 2562 Agonensium„
506 2482 616 2540 forsitan
635 2481 680 2539 hic
699 2479 757 2539 dies
776 2480 839 2541 ideo
856 2477 969 2560 appellatt

185 2558 195 2573 ⁸
210 2562 301 2642 potins
314 2564 442 2644 Agonia.
458 2563 658 2641 Quinquatrus
670 2582 678 2635 3
692 2559 737 2618 bic
751 2558 809 2618 dics
822 2581 894 2619 unus
905 2559 936 2617 ab
948 2572 969 2611 nt

154 2648 163 2667 ⁹
209 2641 290 2699 minis
312 2664 400 2702 errore
419 2643 587 2715 observatur,
613 2639 728 2719 proinde
751 2653 782 2698 ut
801 2641 856 2699 -sint
876 2638 969 2717 quinqtt

161 2720 318 2922 Nssictns,
328 2732 361 2781 'ut
374 2721 409 2781 ab
425 2721 587 2782 Tusculanis
602 2733 666 2801 post
678 2719 753 2780 diem
770 2733 876 2781 sextum
890 2716 969 2779 tduss
