<?xml version="1.0" encoding="UTF-8"?>
<!DOCTYPE html PUBLIC "-//W3C//DTD XHTML 1.0 Transitional//EN"
    "http://www.w3.org/TR/xhtml1/DTD/xhtml1-transitional.dtd">
<html xmlns="http://www.w3.org/1999/xhtml" xml:lang="en" lang="en">
 <head>
  <title>
</title>
<meta http-equiv="Content-Type" content="text/html;charset=utf-8" />
  <meta name='ocr-system' content='tesseract 3.04.00' />
  <meta name='ocr-capabilities' content='ocr_page ocr_carea ocr_par ocr_line ocrx_word'/>
</head>
<body>
  <div class='ocr_page' id='page_1' title='image "./mverriiflaccifr00eggegoog/mverriiflaccifr00eggegoog_0590.png"; bbox 0 0 2250 3090; ppageno 0'>
   <div class='ocr_carea' id='block_1_1' title="bbox 160 155 662 214">
    <p class='ocr_par' dir='ltr' id='par_1_1' title="bbox 160 155 662 214">
     <span class='ocr_line' id='line_1_1' title="bbox 160 155 662 214; baseline -0.01 -3"><span class='ocrx_word' id='word_1_1' title='bbox 160 155 219 214; x_wconf 74' lang='lat' dir='ltr'><strong>tta</strong></span> <span class='ocrx_word' id='word_1_2' title='bbox 461 168 544 209; x_wconf 76' lang='lat' dir='ltr'><strong>utura</strong></span> <span class='ocrx_word' id='word_1_3' title='bbox 565 167 662 206; x_wconf 79' lang='lat' dir='ltr'><strong>rurus</strong></span> 
     </span>
    </p>
   </div>
   <div class='ocr_carea' id='block_1_2' title="bbox 160 268 1044 838">
    <p class='ocr_par' dir='ltr' id='par_1_2' title="bbox 160 268 1044 838">
     <span class='ocr_line' id='line_1_2' title="bbox 160 268 949 352; baseline -0.008 -18"><span class='ocrx_word' id='word_1_4' title='bbox 160 275 256 334; x_wconf 81' lang='lat' dir='ltr'><strong>collatu</strong></span> <span class='ocrx_word' id='word_1_5' title='bbox 268 269 443 350; x_wconf 74' lang='lat' dir='ltr'><strong>quarendum</strong></span> <span class='ocrx_word' id='word_1_6' title='bbox 464 271 567 346; x_wconf 88' lang='lat' dir='ltr'><strong>solum,</strong></span> <span class='ocrx_word' id='word_1_7' title='bbox 582 268 651 349; x_wconf 86' lang='lat' dir='ltr'><strong>quid</strong></span> <span class='ocrx_word' id='word_1_8' title='bbox 663 270 766 332; x_wconf 83' lang='lat' dir='ltr'><strong>habeat</strong></span> <span class='ocrx_word' id='word_1_9' title='bbox 780 273 809 332; x_wconf 87' lang='lat' dir='ltr'><strong>iu</strong></span> <span class='ocrx_word' id='word_1_10' title='bbox 823 274 908 352; x_wconf 79' lang='lat' dir='ltr'><strong>ligura</strong></span> <span class='ocrx_word' id='word_1_11' title='bbox 917 269 949 331; x_wconf 81' lang='lat' dir='ltr'><strong>s&#39;u</strong></span> 
     </span>
     <span class='ocr_line' id='line_1_3' title="bbox 161 349 953 430; baseline -0.006 -17"><span class='ocrx_word' id='word_1_12' title='bbox 161 353 241 426; x_wconf 81' lang='lat' dir='ltr'><strong>mile,</strong></span> <span class='ocrx_word' id='word_1_13' title='bbox 265 349 312 410; x_wconf 91' lang='lat' dir='ltr'><strong>sed</strong></span> <span class='ocrx_word' id='word_1_14' title='bbox 334 351 413 409; x_wconf 87' lang='lat' dir='ltr'><strong>etiam</strong></span> <span class='ocrx_word' id='word_1_15' title='bbox 433 370 626 429; x_wconf 78' lang='lat' dir='ltr'><strong>nonnunquam</strong></span> <span class='ocrx_word' id='word_1_16' title='bbox 645 350 672 407; x_wconf 88' lang='lat' dir='ltr'><strong>iu</strong></span> <span class='ocrx_word' id='word_1_17' title='bbox 696 372 745 427; x_wconf 87' lang='lat' dir='ltr'><strong>eo,</strong></span> <span class='ocrx_word' id='word_1_18' title='bbox 764 373 847 430; x_wconf 91' lang='lat' dir='ltr'><strong>quem</strong></span> <span class='ocrx_word' id='word_1_19' title='bbox 868 352 953 410; x_wconf 84' lang='lat' dir='ltr'><strong>lrabeat</strong></span> 
     </span>
     <span class='ocr_line' id='line_1_4' title="bbox 162 428 952 512; baseline -0.005 -19"><span class='ocrx_word' id='word_1_20' title='bbox 162 435 296 493; x_wconf 82' lang='lat' dir='ltr'><strong>ellectum.</strong></span> <span class='ocrx_word' id='word_1_21' title='bbox 312 431 357 490; x_wconf 89' lang='lat' dir='ltr'><strong>Sic</strong></span> <span class='ocrx_word' id='word_1_22' title='bbox 370 431 443 490; x_wconf 86' lang='lat' dir='ltr'><strong>enim</strong></span> <span class='ocrx_word' id='word_1_23' title='bbox 455 431 518 490; x_wconf 86' lang='lat' dir='ltr'><strong>lana</strong></span> <span class='ocrx_word' id='word_1_24' title='bbox 531 430 674 491; x_wconf 88' lang='lat' dir='ltr'><strong>Gallicana</strong></span> <span class='ocrx_word' id='word_1_25' title='bbox 686 445 713 490; x_wconf 89' lang='lat' dir='ltr'><strong>et</strong></span> <span class='ocrx_word' id='word_1_26' title='bbox 726 433 840 512; x_wconf 80' lang='lat' dir='ltr'>Appula</span> <span class='ocrx_word' id='word_1_27' title='bbox 854 428 952 491; x_wconf 84' lang='lat' dir='ltr'><strong>videtur</strong></span> 
     </span>
     <span class='ocr_line' id='line_1_5' title="bbox 163 509 952 593; baseline -0.006 -20"><span class='ocrx_word' id='word_1_28' title='bbox 163 512 288 593; x_wconf 90' lang='lat' dir='ltr'><strong>imperito</strong></span> <span class='ocrx_word' id='word_1_29' title='bbox 296 509 393 568; x_wconf 91' lang='lat' dir='ltr'><strong>similis</strong></span> <span class='ocrx_word' id='word_1_30' title='bbox 405 525 516 591; x_wconf 87' lang='lat' dir='ltr'><strong>propter</strong></span> <span class='ocrx_word' id='word_1_31' title='bbox 529 510 660 590; x_wconf 86' lang='lat' dir='ltr'><strong>speciem,</strong></span> <span class='ocrx_word' id='word_1_32' title='bbox 671 531 736 570; x_wconf 88' lang='lat' dir='ltr'><strong>cum</strong></span> <span class='ocrx_word' id='word_1_33' title='bbox 746 512 853 592; x_wconf 88' lang='lat' dir='ltr'><strong>peritus</strong></span> <span class='ocrx_word' id='word_1_34' title='bbox 866 516 952 592; x_wconf 58' lang='lat' dir='ltr'><strong>Appen</strong></span> 
     </span>
     <span class='ocr_line' id='line_1_6' title="bbox 162 588 954 671; baseline -0.006 -19"><span class='ocrx_word' id='word_1_35' title='bbox 162 591 218 652; x_wconf 88' lang='lat' dir='ltr'><strong>lam</strong></span> <span class='ocrx_word' id='word_1_36' title='bbox 230 604 301 650; x_wconf 83' lang='lat' dir='ltr'><strong>emat</strong></span> <span class='ocrx_word' id='word_1_37' title='bbox 314 589 418 671; x_wconf 83' lang='lat' dir='ltr'><strong>pluris,</strong></span> <span class='ocrx_word' id='word_1_38' title='bbox 435 588 507 668; x_wconf 89' lang='lat' dir='ltr'><strong>quod</strong></span> <span class='ocrx_word' id='word_1_39' title='bbox 527 590 554 648; x_wconf 87' lang='lat' dir='ltr'><strong>in</strong></span> <span class='ocrx_word' id='word_1_40' title='bbox 567 612 617 650; x_wconf 87' lang='lat' dir='ltr'><strong>usu</strong></span> <span class='ocrx_word' id='word_1_41' title='bbox 634 588 741 650; x_wconf 79' lang='lat' dir='ltr'><strong>firmior</strong></span> <span class='ocrx_word' id='word_1_42' title='bbox 755 591 804 651; x_wconf 86' lang='lat' dir='ltr'><strong>sit.</strong></span> <span class='ocrx_word' id='word_1_43' title='bbox 817 595 879 653; x_wconf 82' lang='lat' dir='ltr'><strong>llaec</strong></span> <span class='ocrx_word' id='word_1_44' title='bbox 892 609 954 649; x_wconf 84' lang='lat' dir='ltr'><strong>nuuc</strong></span> 
     </span>
     <span class='ocr_line' id='line_1_7' title="bbox 165 669 917 753; baseline -0.003 -21"><span class='ocrx_word' id='word_1_45' title='bbox 165 672 278 732; x_wconf 89' lang='lat' dir='ltr'><strong>strictim</strong></span> <span class='ocrx_word' id='word_1_46' title='bbox 290 669 379 743; x_wconf 86' lang='lat' dir='ltr'><strong>dieta,</strong></span> <span class='ocrx_word' id='word_1_47' title='bbox 396 670 528 750; x_wconf 80' lang='lat' dir='ltr'>apertiora</span> <span class='ocrx_word' id='word_1_48' title='bbox 540 669 690 729; x_wconf 82' lang='lat' dir='ltr'><strong>fientiulra.</strong></span> <span class='ocrx_word' id='word_1_49' title='bbox 702 671 839 753; x_wconf 81' lang='lat' dir='ltr'><strong>Incipiam</strong></span> <span class='ocrx_word' id='word_1_50' title='bbox 846 670 917 730; x_wconf 86' lang='lat' dir='ltr'><strong>hine.</strong></span> 
     </span>
     <span class='ocr_line' id='line_1_8' title="bbox 205 750 1044 838; baseline -0.001 -28"><span class='ocrx_word' id='word_1_51' title='bbox 205 753 255 813; x_wconf 73' lang='lat'><strong>40.</strong></span> <span class='ocrx_word' id='word_1_52' title='bbox 267 750 349 825; x_wconf 88' lang='lat' dir='ltr'><strong>Quod</strong></span> <span class='ocrx_word' id='word_1_53' title='bbox 358 763 473 828; x_wconf 76' lang='lat' dir='ltr'><strong>rogant,</strong></span> <span class='ocrx_word' id='word_1_54' title='bbox 486 771 520 808; x_wconf 84' lang='lat' dir='ltr'><strong>cx</strong></span> <span class='ocrx_word' id='word_1_55' title='bbox 529 772 581 828; x_wconf 92' lang='lat' dir='ltr'><strong>qua</strong></span> <span class='ocrx_word' id='word_1_56' title='bbox 594 761 669 838; x_wconf 76' lang='lat' dir='ltr'><strong>parte</strong></span> <span class='ocrx_word' id='word_1_57' title='bbox 676 765 802 830; x_wconf 85' lang='lat' dir='ltr'><strong>oporteat</strong></span> <span class='ocrx_word' id='word_1_58' title='bbox 811 751 899 811; x_wconf 87' lang='lat' dir='ltr'><strong>simile</strong></span> <span class='ocrx_word' id='word_1_59' title='bbox 906 767 953 809; x_wconf 76' lang='lat' dir='ltr'><strong>esse</strong></span> <span class='ocrx_word' id='word_1_60' title='bbox 1042 810 1044 815; x_wconf 81' lang='grc'>,</span> 
     </span>
    </p>
   </div>
   <div class='ocr_carea' id='block_1_3' title="bbox 165 829 1044 912">
    <p class='ocr_par' dir='ltr' id='par_1_3' title="bbox 165 829 1044 912">
     <span class='ocr_line' id='line_1_9' title="bbox 165 829 1044 912; baseline -0.005 -23"><span class='ocrx_word' id='word_1_61' title='bbox 165 832 295 896; x_wconf 66' lang='lat' dir='ltr'><strong>verbum.</strong></span> <span class='ocrx_word' id='word_1_62' title='bbox 308 831 343 888; x_wconf 84' lang='lat' dir='ltr'><strong>ab</strong></span> <span class='ocrx_word' id='word_1_63' title='bbox 363 851 428 888; x_wconf 83' lang='lat' dir='ltr'><strong>voce</strong></span> <span class='ocrx_word' id='word_1_64' title='bbox 447 851 481 888; x_wconf 86' lang='lat' dir='ltr'><strong>an</strong></span> <span class='ocrx_word' id='word_1_65' title='bbox 502 829 720 911; x_wconf 80' lang='lat' dir='ltr'><strong>significatione,</strong></span> <span class='ocrx_word' id='word_1_66' title='bbox 744 831 952 912; x_wconf 83' lang='lat' dir='ltr'><strong>respondemusa</strong></span> <span class='ocrx_word' id='word_1_67' title='bbox 1036 889 1044 896; x_wconf 65' lang='grc'><strong>,</strong></span> 
     </span>
    </p>
   </div>
   <div class='ocr_carea' id='block_1_4' title="bbox 166 907 953 989">
    <p class='ocr_par' dir='ltr' id='par_1_4' title="bbox 166 907 953 989">
     <span class='ocr_line' id='line_1_10' title="bbox 166 907 953 989; baseline -0.006 -19"><span class='ocrx_word' id='word_1_68' title='bbox 166 933 232 972; x_wconf 83' lang='lat' dir='ltr'><strong>voce</strong></span> <span class='ocrx_word' id='word_1_69' title='bbox 242 935 250 987; x_wconf 91' lang='lat'>;</span> <span class='ocrx_word' id='word_1_70' title='bbox 266 909 313 971; x_wconf 87' lang='lat' dir='ltr'><strong>sed</strong></span> <span class='ocrx_word' id='word_1_71' title='bbox 323 924 410 969; x_wconf 86' lang='lat' dir='ltr'><strong>tamen</strong></span> <span class='ocrx_word' id='word_1_72' title='bbox 420 929 612 989; x_wconf 83' lang='lat' dir='ltr'><strong>nonnrtnquam</strong></span> <span class='ocrx_word' id='word_1_73' title='bbox 623 910 774 988; x_wconf 79' lang='lat' dir='ltr'><strong>quaerimus</strong></span> <span class='ocrx_word' id='word_1_74' title='bbox 785 931 882 989; x_wconf 79' lang='lat' dir='ltr'>genere</span> <span class='ocrx_word' id='word_1_75' title='bbox 891 907 953 969; x_wconf 90' lang='lat' dir='ltr'><strong>simi·</strong></span> 
     </span>
    </p>
   </div>
   <div class='ocr_carea' id='block_1_5' title="bbox 167 988 1044 1069">
    <p class='ocr_par' dir='ltr' id='par_1_5' title="bbox 167 988 1044 1069">
     <span class='ocr_line' id='line_1_11' title="bbox 167 988 1044 1069; baseline -0.007 -18"><span class='ocrx_word' id='word_1_76' title='bbox 167 992 238 1051; x_wconf 82' lang='lat' dir='ltr'><strong>lime</strong></span> <span class='ocrx_word' id='word_1_77' title='bbox 259 991 330 1060; x_wconf 89' lang='lat' dir='ltr'><strong>siut,</strong></span> <span class='ocrx_word' id='word_1_78' title='bbox 345 1010 404 1067; x_wconf 85' lang='lat' dir='ltr'><strong>quae</strong></span> <span class='ocrx_word' id='word_1_79' title='bbox 424 988 631 1069; x_wconf 80' lang='lat' dir='ltr'><strong>significantur,</strong></span> <span class='ocrx_word' id='word_1_80' title='bbox 647 1010 678 1048; x_wconf 91' lang='lat' dir='ltr'><strong>ac</strong></span> <span class='ocrx_word' id='word_1_81' title='bbox 692 1010 792 1049; x_wconf 86' lang='lat' dir='ltr'><strong>numen</strong></span> <span class='ocrx_word' id='word_1_82' title='bbox 803 990 889 1051; x_wconf 74' lang='lat' dir='ltr'><strong>uirile</strong></span> <span class='ocrx_word' id='word_1_83' title='bbox 901 1008 951 1047; x_wconf 81' lang='lat' dir='ltr'><strong>catu</strong></span> <span class='ocrx_word' id='word_1_84' title='bbox 1032 1021 1044 1045; x_wconf 70' lang='grc' dir='ltr'><strong>ι</strong></span> 
     </span>
    </p>
   </div>
   <div class='ocr_carea' id='block_1_6' title="bbox 168 1063 946 1148">
    <p class='ocr_par' dir='ltr' id='par_1_6' title="bbox 168 1063 946 1148">
     <span class='ocr_line' id='line_1_12' title="bbox 168 1063 946 1148; baseline -0.006 -18"><span class='ocrx_word' id='word_1_85' title='bbox 168 1071 243 1130; x_wconf 85' lang='lat' dir='ltr'><strong>virili</strong></span> <span class='ocrx_word' id='word_1_86' title='bbox 255 1070 427 1140; x_wconf 85' lang='lat' dir='ltr'><strong>conferimus,</strong></span> <span class='ocrx_word' id='word_1_87' title='bbox 436 1069 540 1129; x_wconf 83' lang='lat' dir='ltr'><strong>seminae</strong></span> <span class='ocrx_word' id='word_1_88' title='bbox 553 1091 615 1127; x_wconf 91' lang='lat' dir='ltr'><strong>cum</strong></span> <span class='ocrx_word' id='word_1_89' title='bbox 628 1067 771 1145; x_wconf 84' lang='lat' dir='ltr'>muliebri,</span> <span class='ocrx_word' id='word_1_90' title='bbox 780 1091 837 1129; x_wconf 85' lang='lat' dir='ltr'><strong>non</strong></span> <span class='ocrx_word' id='word_1_91' title='bbox 846 1063 946 1148; x_wconf 78' lang='lat' dir='ltr'><strong>quodid</strong></span> 
     </span>
    </p>
   </div>
   <div class='ocr_carea' id='block_1_7' title="bbox 168 1148 1044 1230">
    <p class='ocr_par' dir='ltr' id='par_1_7' title="bbox 168 1148 1044 1230">
     <span class='ocr_line' id='line_1_13' title="bbox 168 1148 1044 1230; baseline 0 -21"><span class='ocrx_word' id='word_1_92' title='bbox 168 1148 951 1230; x_wconf 57' lang='lat' dir='ltr'><strong>quodsignilicantvoces‚commoveausedquodnonuutt·</strong></span> <span class='ocrx_word' id='word_1_93' title='bbox 1021 1177 1044 1209; x_wconf 68' lang='grc' dir='ltr'><em>ε</em></span> 
     </span>
    </p>
   </div>
   <div class='ocr_carea' id='block_1_8' title="bbox 169 1226 951 1308">
    <p class='ocr_par' dir='ltr' id='par_1_8' title="bbox 169 1226 951 1308">
     <span class='ocr_line' id='line_1_14' title="bbox 169 1226 951 1308; baseline -0.005 -19"><span class='ocrx_word' id='word_1_94' title='bbox 169 1250 251 1307; x_wconf 90' lang='lat' dir='ltr'><strong>quam</strong></span> <span class='ocrx_word' id='word_1_95' title='bbox 270 1231 297 1287; x_wconf 89' lang='lat' dir='ltr'><strong>in</strong></span> <span class='ocrx_word' id='word_1_96' title='bbox 317 1250 345 1286; x_wconf 89' lang='lat' dir='ltr'><strong>rc</strong></span> <span class='ocrx_word' id='word_1_97' title='bbox 358 1227 485 1286; x_wconf 87' lang='lat' dir='ltr'><strong>dissimili</strong></span> <span class='ocrx_word' id='word_1_98' title='bbox 499 1228 621 1287; x_wconf 80' lang='lat' dir='ltr'><strong>similis*</strong></span> <span class='ocrx_word' id='word_1_99' title='bbox 633 1228 728 1308; x_wconf 74' lang='lat' dir='ltr'><strong>figurae</strong></span> <span class='ocrx_word' id='word_1_100' title='bbox 741 1231 861 1303; x_wconf 80' lang='lat' dir='ltr'><strong>formas,</strong></span> <span class='ocrx_word' id='word_1_101' title='bbox 876 1228 902 1288; x_wconf 89' lang='lat' dir='ltr'><strong>in</strong></span> <span class='ocrx_word' id='word_1_102' title='bbox 914 1226 951 1286; x_wconf 69' lang='grc' dir='ltr'><strong>τε*</strong></span> 
     </span>
    </p>
   </div>
   <div class='ocr_carea' id='block_1_9' title="bbox 169 1304 1044 1388">
    <p class='ocr_par' dir='ltr' id='par_1_9' title="bbox 169 1304 1044 1388">
     <span class='ocr_line' id='line_1_15' title="bbox 169 1304 1044 1388; baseline -0.007 -21"><span class='ocrx_word' id='word_1_103' title='bbox 169 1308 254 1367; x_wconf 80' lang='lat' dir='ltr'><strong>simili</strong></span> <span class='ocrx_word' id='word_1_104' title='bbox 274 1308 416 1387; x_wconf 87' lang='lat' dir='ltr'><strong>imponunt</strong></span> <span class='ocrx_word' id='word_1_105' title='bbox 433 1306 594 1388; x_wconf 82' lang='lat' dir='ltr'><strong>dispariles,</strong></span> <span class='ocrx_word' id='word_1_106' title='bbox 616 1322 645 1368; x_wconf 92' lang='lat' dir='ltr'><strong>ut</strong></span> <span class='ocrx_word' id='word_1_107' title='bbox 660 1308 744 1369; x_wconf 90' lang='lat' dir='ltr'><strong>calcei</strong></span> <span class='ocrx_word' id='word_1_108' title='bbox 758 1308 902 1368; x_wconf 82' lang='lat' dir='ltr'><strong>muliebris</strong></span> <span class='ocrx_word' id='word_1_109' title='bbox 910 1304 952 1365; x_wconf 84' lang='lat' dir='ltr'><strong>sict</strong></span> <span class='ocrx_word' id='word_1_110' title='bbox 1041 1337 1044 1343; x_wconf 95' lang='lat'>·</span> 
     </span>
    </p>
   </div>
   <div class='ocr_carea' id='block_1_10' title="bbox 169 1384 952 1544">
    <p class='ocr_par' dir='ltr' id='par_1_10' title="bbox 169 1384 952 1544">
     <span class='ocr_line' id='line_1_16' title="bbox 169 1384 952 1467; baseline -0.003 -22"><span class='ocrx_word' id='word_1_111' title='bbox 169 1408 204 1446; x_wconf 87' lang='lat' dir='ltr'><strong>an</strong></span> <span class='ocrx_word' id='word_1_112' title='bbox 216 1384 331 1453; x_wconf 81' lang='lat' dir='ltr'><strong>viriles,</strong></span> <span class='ocrx_word' id='word_1_113' title='bbox 347 1385 465 1447; x_wconf 89' lang='lat' dir='ltr'><strong>dicimus</strong></span> <span class='ocrx_word' id='word_1_114' title='bbox 481 1386 517 1445; x_wconf 85' lang='lat' dir='ltr'><strong>ud</strong></span> <span class='ocrx_word' id='word_1_115' title='bbox 542 1386 752 1448; x_wconf 88' lang='lat' dir='ltr'><strong>similitudinem</strong></span> <span class='ocrx_word' id='word_1_116' title='bbox 771 1388 887 1467; x_wconf 76' lang='lat' dir='ltr'><strong>figurae3</strong></span> <span class='ocrx_word' id='word_1_117' title='bbox 903 1404 952 1445; x_wconf 85' lang='lat' dir='ltr'><strong>curt</strong></span> 
     </span>
     <span class='ocr_line' id='line_1_17' title="bbox 169 1460 952 1544; baseline -0.001 -18"><span class='ocrx_word' id='word_1_118' title='bbox 169 1482 257 1526; x_wconf 87' lang='lat' dir='ltr'><strong>tamen</strong></span> <span class='ocrx_word' id='word_1_119' title='bbox 271 1464 388 1526; x_wconf 85' lang='lat' dir='ltr'><strong>sciamus</strong></span> <span class='ocrx_word' id='word_1_120' title='bbox 401 1488 593 1544; x_wconf 80' lang='lat' dir='ltr'><strong>nonnunquam</strong></span> <span class='ocrx_word' id='word_1_121' title='bbox 607 1482 634 1528; x_wconf 91' lang='lat' dir='ltr'><strong>et</strong></span> <span class='ocrx_word' id='word_1_122' title='bbox 644 1466 787 1527; x_wconf 77' lang='lat' dir='ltr'><strong>mulierem</strong></span> <span class='ocrx_word' id='word_1_123' title='bbox 801 1468 899 1528; x_wconf 81' lang='lat' dir='ltr'><strong>habere</strong></span> <span class='ocrx_word' id='word_1_124' title='bbox 909 1460 952 1525; x_wconf 81' lang='lat' dir='ltr'><strong>ral-</strong></span> 
     </span>
    </p>
   </div>
   <div class='ocr_carea' id='block_1_11' title="bbox 170 1546 1044 1607">
    <p class='ocr_par' dir='ltr' id='par_1_11' title="bbox 170 1546 1044 1607">
     <span class='ocr_line' id='line_1_18' title="bbox 170 1546 1044 1607; baseline 0 -2"><span class='ocrx_word' id='word_1_125' title='bbox 170 1567 230 1606; x_wconf 82' lang='lat' dir='ltr'><strong>ceus</strong></span> <span class='ocrx_word' id='word_1_126' title='bbox 243 1546 469 1606; x_wconf 82' lang='lat' dir='ltr'><strong>virilesetvirum</strong></span> <span class='ocrx_word' id='word_1_127' title='bbox 480 1546 631 1607; x_wconf 84' lang='lat' dir='ltr'><strong>muliebris.</strong></span> <span class='ocrx_word' id='word_1_128' title='bbox 645 1579 685 1595; x_wconf 93' lang='lat'><em>-</em></span> <span class='ocrx_word' id='word_1_129' title='bbox 694 1546 867 1607; x_wconf 74' lang='lat' dir='ltr'><strong>ttSicdiei</strong></span> <span class='ocrx_word' id='word_1_130' title='bbox 877 1546 952 1607; x_wconf 75' lang='lat' dir='ltr'><strong>rimu</strong></span> <span class='ocrx_word' id='word_1_131' title='bbox 1038 1572 1044 1583; x_wconf 74' lang='lat'><strong>⁴</strong></span> 
     </span>
    </p>
   </div>
   <div class='ocr_carea' id='block_1_12' title="bbox 171 1626 952 1786">
    <p class='ocr_par' dir='ltr' id='par_1_12' title="bbox 171 1626 952 1786">
     <span class='ocr_line' id='line_1_19' title="bbox 172 1626 951 1707; baseline 0.001 -21"><span class='ocrx_word' id='word_1_132' title='bbox 172 1628 370 1707; x_wconf 68' lang='lat' dir='ltr'><strong>Perpennam,</strong></span> <span class='ocrx_word' id='word_1_133' title='bbox 380 1642 410 1686; x_wconf 92' lang='lat' dir='ltr'><strong>ut</strong></span> <span class='ocrx_word' id='word_1_134' title='bbox 421 1631 451 1686; x_wconf 86' lang='lat' dir='ltr'><em>A</em></span> <span class='ocrx_word' id='word_1_135' title='bbox 454 1627 606 1706; x_wconf 78' lang='lat' dir='ltr'><strong>lphenam‚</strong></span> <span class='ocrx_word' id='word_1_136' title='bbox 619 1626 749 1686; x_wconf 86' lang='lat' dir='ltr'><strong>muliebri</strong></span> <span class='ocrx_word' id='word_1_137' title='bbox 757 1628 951 1703; x_wconf 58' lang='lat' dir='ltr'><strong>formament-</strong></span> 
     </span>
     <span class='ocr_line' id='line_1_20' title="bbox 171 1706 952 1786; baseline -0.003 -21"><span class='ocrx_word' id='word_1_138' title='bbox 171 1721 213 1765; x_wconf 86' lang='lat' dir='ltr'><strong>tra</strong></span> <span class='ocrx_word' id='word_1_139' title='bbox 225 1715 376 1786; x_wconf 81' lang='lat' dir='ltr'><strong>parietem,</strong></span> <span class='ocrx_word' id='word_1_140' title='bbox 390 1721 420 1765; x_wconf 92' lang='lat' dir='ltr'><strong>ut</strong></span> <span class='ocrx_word' id='word_1_141' title='bbox 436 1710 571 1777; x_wconf 75' lang='lat' dir='ltr'><strong>abietem,</strong></span> <span class='ocrx_word' id='word_1_142' title='bbox 581 1728 638 1766; x_wconf 88' lang='lat' dir='ltr'><strong>esse</strong></span> <span class='ocrx_word' id='word_1_143' title='bbox 651 1708 737 1767; x_wconf 84' lang='lat' dir='ltr'><strong>forma</strong></span> <span class='ocrx_word' id='word_1_144' title='bbox 748 1706 876 1776; x_wconf 86' lang='lat' dir='ltr'><strong>similem,</strong></span> <span class='ocrx_word' id='word_1_145' title='bbox 885 1724 952 1785; x_wconf 79' lang='lat' dir='ltr'><strong>quem</strong></span> 
     </span>
    </p>
   </div>
   <div class='ocr_carea' id='block_1_13' title="bbox 171 1785 1044 1860">
    <p class='ocr_par' dir='ltr' id='par_1_13' title="bbox 171 1785 1044 1860">
     <span class='ocr_line' id='line_1_21' title="bbox 171 1785 1044 1860; baseline 0.001 -17"><span class='ocrx_word' id='word_1_146' title='bbox 171 1786 285 1846; x_wconf 85' lang='lat' dir='ltr'><strong>alterurn</strong></span> <span class='ocrx_word' id='word_1_147' title='bbox 297 1787 459 1847; x_wconf 81' lang='lat' dir='ltr'><strong>vocabulum</strong></span> <span class='ocrx_word' id='word_1_148' title='bbox 472 1786 577 1845; x_wconf 84' lang='lat' dir='ltr'><strong>dicatur</strong></span> <span class='ocrx_word' id='word_1_149' title='bbox 589 1786 681 1860; x_wconf 85' lang='lat' dir='ltr'><strong>virile,</strong></span> <span class='ocrx_word' id='word_1_150' title='bbox 696 1786 814 1847; x_wconf 87' lang='lat' dir='ltr'><strong>alterum</strong></span> <span class='ocrx_word' id='word_1_151' title='bbox 826 1785 951 1853; x_wconf 62' lang='lat' dir='ltr'><strong>muliebre</strong></span> <span class='ocrx_word' id='word_1_152' title='bbox 1042 1832 1044 1837; x_wconf 84' lang='lat'><em>.</em></span> 
     </span>
    </p>
   </div>
   <div class='ocr_carea' id='block_1_14' title="bbox 172 1862 1034 2429">
    <p class='ocr_par' dir='ltr' id='par_1_14' title="bbox 172 1862 1034 2429">
     <span class='ocr_line' id='line_1_22' title="bbox 173 1862 951 1944; baseline -0.001 -19"><span class='ocrx_word' id='word_1_153' title='bbox 173 1880 199 1925; x_wconf 87' lang='lat' dir='ltr'><strong>et</strong></span> <span class='ocrx_word' id='word_1_154' title='bbox 212 1881 356 1943; x_wconf 86' lang='lat' dir='ltr'><strong>utrumque</strong></span> <span class='ocrx_word' id='word_1_155' title='bbox 370 1881 462 1925; x_wconf 86' lang='lat' dir='ltr'><strong>natura</strong></span> <span class='ocrx_word' id='word_1_156' title='bbox 474 1880 611 1926; x_wconf 89' lang='lat' dir='ltr'><strong>neutrum.</strong></span> <span class='ocrx_word' id='word_1_157' title='bbox 620 1863 666 1925; x_wconf 89' lang='lat' dir='ltr'><strong>Sic</strong></span> <span class='ocrx_word' id='word_1_158' title='bbox 678 1867 769 1944; x_wconf 83' lang='lat' dir='ltr'><strong>itaque</strong></span> <span class='ocrx_word' id='word_1_159' title='bbox 781 1888 812 1925; x_wconf 84' lang='lat' dir='ltr'><strong>ea</strong></span> <span class='ocrx_word' id='word_1_160' title='bbox 824 1865 909 1925; x_wconf 86' lang='lat' dir='ltr'><strong>virilia</strong></span> <span class='ocrx_word' id='word_1_161' title='bbox 917 1862 951 1923; x_wconf 86' lang='lat' dir='ltr'><strong>di·</strong></span> 
     </span>
     <span class='ocr_line' id='line_1_23' title="bbox 173 1944 1017 2036; baseline -0.001 -31"><span class='ocrx_word' id='word_1_162' title='bbox 173 1947 260 2005; x_wconf 85' lang='lat' dir='ltr'><strong>cimus</strong></span> <span class='ocrx_word' id='word_1_163' title='bbox 271 1989 281 2019; x_wconf 69' lang='lat'><strong><em>⁷</em></strong></span> <span class='ocrx_word' id='word_1_164' title='bbox 292 1966 414 2025; x_wconf 81' lang='lat' dir='ltr'><strong>nonquae</strong></span> <span class='ocrx_word' id='word_1_165' title='bbox 431 1948 523 2006; x_wconf 81' lang='lat' dir='ltr'><strong>virum</strong></span> <span class='ocrx_word' id='word_1_166' title='bbox 542 1946 711 2027; x_wconf 84' lang='lat' dir='ltr'><strong>significant,</strong></span> <span class='ocrx_word' id='word_1_167' title='bbox 724 1944 772 2005; x_wconf 86' lang='lat' dir='ltr'><strong>sed</strong></span> <span class='ocrx_word' id='word_1_168' title='bbox 786 1946 887 2024; x_wconf 88' lang='lat' dir='ltr'><strong>quibus</strong></span> <span class='ocrx_word' id='word_1_169' title='bbox 896 1963 950 2036; x_wconf 76' lang='lat' dir='ltr'><strong>pro·</strong></span> <span class='ocrx_word' id='word_1_170' title='bbox 1008 1950 1017 1958; x_wconf 87' lang='lat'>&#39;</span> 
     </span>
     <span class='ocr_line' id='line_1_24' title="bbox 173 2024 950 2106; baseline -0.003 -21"><span class='ocrx_word' id='word_1_171' title='bbox 173 2027 299 2106; x_wconf 86' lang='lat' dir='ltr'><strong>ponimus</strong></span> <span class='ocrx_word' id='word_1_172' title='bbox 309 2025 354 2083; x_wconf 91' lang='lat' dir='ltr'><strong>hic</strong></span> <span class='ocrx_word' id='word_1_173' title='bbox 368 2026 452 2101; x_wconf 88' lang='lat' dir='ltr'><strong>ethi,</strong></span> <span class='ocrx_word' id='word_1_174' title='bbox 463 2025 537 2086; x_wconf 86' lang='lat' dir='ltr'><strong>etsie</strong></span> <span class='ocrx_word' id='word_1_175' title='bbox 549 2026 708 2098; x_wconf 85' lang='lat' dir='ltr'><strong>muliebria,</strong></span> <span class='ocrx_word' id='word_1_176' title='bbox 722 2026 749 2085; x_wconf 92' lang='lat' dir='ltr'><strong>in</strong></span> <span class='ocrx_word' id='word_1_177' title='bbox 764 2025 866 2085; x_wconf 82' lang='lat' dir='ltr'><strong>cuibus</strong></span> <span class='ocrx_word' id='word_1_178' title='bbox 878 2024 950 2083; x_wconf 74' lang='lat' dir='ltr'><strong>dccc</strong></span> 
     </span>
     <span class='ocr_line' id='line_1_25' title="bbox 174 2097 949 2185; baseline -0.001 -21"><span class='ocrx_word' id='word_1_179' title='bbox 174 2107 307 2185; x_wconf 87' lang='lat' dir='ltr'><strong>possimus</strong></span> <span class='ocrx_word' id='word_1_180' title='bbox 324 2104 381 2165; x_wconf 85' lang='lat' dir='ltr'><strong>haec</strong></span> <span class='ocrx_word' id='word_1_181' title='bbox 401 2120 448 2167; x_wconf 85' lang='lat' dir='ltr'><strong>aut</strong></span> <span class='ocrx_word' id='word_1_182' title='bbox 460 2107 510 2165; x_wconf 81' lang='lat' dir='ltr'><strong>hae.</strong></span> <span class='ocrx_word' id='word_1_183' title='bbox 527 2141 562 2151; x_wconf 89' lang='lat'>-</span> <span class='ocrx_word' id='word_1_184' title='bbox 578 2106 627 2166; x_wconf 66' lang='lat' dir='ltr'><strong>ld.</strong></span> <span class='ocrx_word' id='word_1_185' title='bbox 640 2108 731 2181; x_wconf 83' lang='lat' dir='ltr'><strong>Quare</strong></span> <span class='ocrx_word' id='word_1_186' title='bbox 743 2104 814 2165; x_wconf 87' lang='lat' dir='ltr'><strong>nihil</strong></span> <span class='ocrx_word' id='word_1_187' title='bbox 827 2118 881 2173; x_wconf 85' lang='lat' dir='ltr'><strong>est,</strong></span> <span class='ocrx_word' id='word_1_188' title='bbox 892 2097 949 2182; x_wconf 72' lang='lat' dir='ltr'><strong>quud</strong></span> 
     </span>
     <span class='ocr_line' id='line_1_26' title="bbox 174 2184 1034 2259; baseline -0.005 -17"><span class='ocrx_word' id='word_1_189' title='bbox 174 2185 270 2244; x_wconf 88' lang='lat' dir='ltr'><strong>dicunt</strong></span> <span class='ocrx_word' id='word_1_190' title='bbox 286 2190 312 2247; x_wconf 87' lang='lat' dir='ltr'><em>T</em></span> <span class='ocrx_word' id='word_1_191' title='bbox 309 2187 405 2246; x_wconf 80' lang='lat' dir='ltr'><strong>deuna</strong></span> <span class='ocrx_word' id='word_1_192' title='bbox 412 2200 436 2245; x_wconf 87' lang='lat' dir='ltr'><strong>et</strong></span> <span class='ocrx_word' id='word_1_193' title='bbox 444 2187 546 2245; x_wconf 82' lang='lat' dir='ltr'><strong>Diona</strong></span> <span class='ocrx_word' id='word_1_194' title='bbox 559 2206 613 2245; x_wconf 90' lang='lat' dir='ltr'><strong>non</strong></span> <span class='ocrx_word' id='word_1_195' title='bbox 627 2207 684 2245; x_wconf 85' lang='lat' dir='ltr'><strong>esse</strong></span> <span class='ocrx_word' id='word_1_196' title='bbox 697 2184 808 2259; x_wconf 85' lang='lat' dir='ltr'><strong>similis,</strong></span> <span class='ocrx_word' id='word_1_197' title='bbox 817 2184 839 2243; x_wconf 92' lang='lat' dir='ltr'><strong>si</strong></span> <span class='ocrx_word' id='word_1_198' title='bbox 855 2184 950 2243; x_wconf 71' lang='lat' dir='ltr'><strong>alteret</strong></span> <span class='ocrx_word' id='word_1_199' title='bbox 1025 2189 1034 2199; x_wconf 87' lang='lat'><em>‘</em></span> 
     </span>
     <span class='ocr_line' id='line_1_27' title="bbox 174 2258 948 2348; baseline -0.014 -21"><span class='ocrx_word' id='word_1_200' title='bbox 174 2264 320 2348; x_wconf 84' lang='lat' dir='ltr'><strong>AEthiups‚</strong></span> <span class='ocrx_word' id='word_1_201' title='bbox 335 2266 402 2325; x_wconf 85' lang='lat' dir='ltr'><strong>alter</strong></span> <span class='ocrx_word' id='word_1_202' title='bbox 414 2266 533 2341; x_wconf 79' lang='lat' dir='ltr'><strong>Gallus,</strong></span> <span class='ocrx_word' id='word_1_203' title='bbox 548 2266 569 2323; x_wconf 85' lang='lat' dir='ltr'><strong>si</strong></span> <span class='ocrx_word' id='word_1_204' title='bbox 585 2266 710 2345; x_wconf 77' lang='lat' dir='ltr'><strong>analogia</strong></span> <span class='ocrx_word' id='word_1_205' title='bbox 722 2286 813 2325; x_wconf 86' lang='lat' dir='ltr'><strong>rerum</strong></span> <span class='ocrx_word' id='word_1_206' title='bbox 827 2258 948 2323; x_wconf 79' lang='lat' dir='ltr'><strong>dissimili</strong></span> 
     </span>
     <span class='ocr_line' id='line_1_28' title="bbox 172 2343 946 2429; baseline -0.008 -24"><span class='ocrx_word' id='word_1_207' title='bbox 172 2346 280 2405; x_wconf 88' lang='lat' dir='ltr'><strong>tudines</strong></span> <span class='ocrx_word' id='word_1_208' title='bbox 290 2359 407 2406; x_wconf 87' lang='lat' dir='ltr'><strong>assumat</strong></span> <span class='ocrx_word' id='word_1_209' title='bbox 418 2345 453 2404; x_wconf 92' lang='lat' dir='ltr'><strong>ad</strong></span> <span class='ocrx_word' id='word_1_210' title='bbox 466 2344 673 2405; x_wconf 87' lang='lat' dir='ltr'><strong>discernendum</strong></span> <span class='ocrx_word' id='word_1_211' title='bbox 684 2346 761 2405; x_wconf 85' lang='lat' dir='ltr'><strong>vocis</strong></span> <span class='ocrx_word' id='word_1_212' title='bbox 769 2343 846 2403; x_wconf 85' lang='lat' dir='ltr'><strong>verbi</strong></span> <span class='ocrx_word' id='word_1_213' title='bbox 855 2344 946 2429; x_wconf 67' lang='lat' dir='ltr'><strong>ligurat-</strong></span> 
     </span>
    </p>
   </div>
   <div class='ocr_carea' id='block_1_15' title="bbox 215 2424 1044 2502">
    <p class='ocr_par' dir='ltr' id='par_1_15' title="bbox 215 2424 1044 2502">
     <span class='ocr_line' id='line_1_29' title="bbox 215 2424 1044 2502; baseline -0.016 -16"><span class='ocrx_word' id='word_1_214' title='bbox 215 2428 265 2488; x_wconf 72' lang='lat'><strong>45.</strong></span> <span class='ocrx_word' id='word_1_215' title='bbox 282 2425 365 2502; x_wconf 87' lang='lat' dir='ltr'><strong>Quod</strong></span> <span class='ocrx_word' id='word_1_216' title='bbox 374 2424 485 2497; x_wconf 90' lang='lat' dir='ltr'><strong>dicunt,</strong></span> <span class='ocrx_word' id='word_1_217' title='bbox 501 2424 589 2484; x_wconf 89' lang='lat' dir='ltr'><strong>simile</strong></span> <span class='ocrx_word' id='word_1_218' title='bbox 602 2425 637 2483; x_wconf 86' lang='lat' dir='ltr'><strong>sit</strong></span> <span class='ocrx_word' id='word_1_219' title='bbox 650 2445 733 2483; x_wconf 88' lang='lat' dir='ltr'><strong>necne</strong></span> <span class='ocrx_word' id='word_1_220' title='bbox 745 2444 840 2485; x_wconf 87' lang='lat' dir='ltr'><strong>nomen</strong></span> <span class='ocrx_word' id='word_1_221' title='bbox 854 2436 946 2483; x_wconf 84' lang='lat' dir='ltr'><strong>uorum,</strong></span> <span class='ocrx_word' id='word_1_222' title='bbox 1034 2451 1044 2487; x_wconf 60' lang='lat'><strong><em>4</em></strong></span> 
     </span>
    </p>
   </div>
   <div class='ocr_carea' id='block_1_16' title="bbox 142 2504 1044 2643">
    <p class='ocr_par' dir='ltr' id='par_1_16' title="bbox 142 2504 1044 2643">
     <span class='ocr_line' id='line_1_30' title="bbox 142 2504 1044 2643; baseline -0.007 -76"><span class='ocrx_word' id='word_1_223' title='bbox 142 2532 148 2540; x_wconf 92' lang='lat'><strong>·</strong></span> <span class='ocrx_word' id='word_1_224' title='bbox 175 2504 359 2588; x_wconf 79' lang='lat' dir='ltr'><strong>imprudenter</strong></span> <span class='ocrx_word' id='word_1_225' title='bbox 381 2504 568 2565; x_wconf 82' lang='lat' dir='ltr'><strong>Aristarchum</strong></span> <span class='ocrx_word' id='word_1_226' title='bbox 580 2504 741 2643; x_wconf 58' lang='lat' dir='ltr'><strong>graecipese,</strong></span> <span class='ocrx_word' id='word_1_227' title='bbox 755 2517 875 2585; x_wconf 86' lang='lat' dir='ltr'><strong>oportere</strong></span> <span class='ocrx_word' id='word_1_228' title='bbox 886 2514 945 2580; x_wconf 47' lang='lat' dir='ltr'><strong>spru:</strong></span> <span class='ocrx_word' id='word_1_229' title='bbox 1002 2528 1044 2596; x_wconf 35' lang='lat' dir='ltr'><strong>s·-</strong></span> 
     </span>
    </p>
   </div>
   <div class='ocr_carea' id='block_1_17' title="bbox 176 2569 944 2745">
    <p class='ocr_par' dir='ltr' id='par_1_17' title="bbox 176 2569 944 2745">
     <span class='ocr_line' id='line_1_31' title="bbox 176 2569 944 2659; baseline -0.007 -15"><span class='ocrx_word' id='word_1_230' title='bbox 176 2600 231 2646; x_wconf 85' lang='lat' dir='ltr'><strong>tare</strong></span> <span class='ocrx_word' id='word_1_231' title='bbox 242 2607 293 2646; x_wconf 87' lang='lat' dir='ltr'><strong>non</strong></span> <span class='ocrx_word' id='word_1_232' title='bbox 310 2585 398 2645; x_wconf 89' lang='lat' dir='ltr'><strong>solum</strong></span> <span class='ocrx_word' id='word_1_233' title='bbox 408 2606 443 2643; x_wconf 80' lang='lat' dir='ltr'><strong>ex</strong></span> <span class='ocrx_word' id='word_1_234' title='bbox 453 2599 537 2659; x_wconf 88' lang='lat' dir='ltr'><strong>recto,</strong></span> <span class='ocrx_word' id='word_1_235' title='bbox 551 2605 580 2643; x_wconf 82' lang='lat' dir='ltr'><strong>se</strong></span> <span class='ocrx_word' id='word_1_236' title='bbox 610 2597 690 2643; x_wconf 82' lang='lat' dir='ltr'><strong>ettam</strong></span> <span class='ocrx_word' id='word_1_237' title='bbox 704 2605 739 2643; x_wconf 79' lang='lat' dir='ltr'><strong>ex</strong></span> <span class='ocrx_word' id='word_1_238' title='bbox 751 2604 843 2645; x_wconf 87' lang='lat' dir='ltr'><strong>eorum</strong></span> <span class='ocrx_word' id='word_1_239' title='bbox 854 2569 944 2641; x_wconf 73' lang='lat' dir='ltr'><strong>round</strong></span> 
     </span>
     <span class='ocr_line' id='line_1_32' title="bbox 176 2660 944 2745; baseline -0.007 -21"><span class='ocrx_word' id='word_1_240' title='bbox 176 2686 258 2744; x_wconf 76' lang='lat' dir='ltr'><strong>cusu5</strong></span> <span class='ocrx_word' id='word_1_241' title='bbox 273 2679 341 2727; x_wconf 87' lang='lat' dir='ltr'><strong>esset</strong></span> <span class='ocrx_word' id='word_1_242' title='bbox 350 2664 424 2726; x_wconf 87' lang='lat' dir='ltr'><strong>enim</strong></span> <span class='ocrx_word' id='word_1_243' title='bbox 431 2660 625 2745; x_wconf 74' lang='lat' dir='ltr'><strong>deridiculum,</strong></span> <span class='ocrx_word' id='word_1_244' title='bbox 638 2662 662 2725; x_wconf 87' lang='lat' dir='ltr'><strong>si</strong></span> <span class='ocrx_word' id='word_1_245' title='bbox 670 2661 782 2725; x_wconf 75' lang='lat' dir='ltr'><strong>similaris</strong></span> <span class='ocrx_word' id='word_1_246' title='bbox 794 2663 862 2723; x_wconf 85' lang='lat' dir='ltr'><strong>inter</strong></span> <span class='ocrx_word' id='word_1_247' title='bbox 872 2677 897 2719; x_wconf 81' lang='lat' dir='ltr'><strong>ae</strong></span> <span class='ocrx_word' id='word_1_248' title='bbox 904 2672 944 2735; x_wconf 65' lang='lat' dir='ltr'><strong>pt·</strong></span> 
     </span>
    </p>
   </div>
   <div class='ocr_carea' id='block_1_18' title="bbox 0 0 1138 3090">
    <p class='ocr_par' dir='ltr' id='par_1_18' title="bbox 0 0 1138 3090">
     <span class='ocr_line' id='line_1_33' title="bbox 0 0 1138 3090; baseline 0 0"><span class='ocrx_word' id='word_1_249' title='bbox 0 0 1138 3090; x_wconf 95' lang='lat' dir='ltr'><strong> </strong></span> 
     </span>
    </p>
   </div>
  </div>
 </body>
</html>
