2040 3420
126 104 164 157 ttt
367 117 403 154 nr.
427 117 532 154 vanari
555 118 658 156 nuncet

124 223 284 295 monebant,
298 223 326 280 in
338 222 429 280 locum
444 220 548 281 editum
562 223 781 297 subducendam,
792 237 874 303 atque
884 227 922 285 ita

125 306 152 362 in
163 300 347 361 areaVolcani
360 300 515 361 sublimiori
527 301 588 362 loco
596 302 821 363 statuendam-Ex
832 325 885 382 qua
893 328 923 364 re

124 385 193 442 bene
205 393 233 441 ct
247 400 375 462 prospere
385 381 494 460 reipub.
511 381 599 446 cessit.
612 382 691 442 Tunc
705 383 789 462 igitur
803 382 879 461 quod
892 386 922 445 in

72 503 74 508 ,
124 462 254 521 Etruscos
265 461 401 540 aruspices
414 460 484 519 male
498 460 666 522 consulentes
679 460 898 524 animadversum
913 509 921 536 ,

124 539 346 618 vindicatumque
352 539 737 619 furemuhirpenm'us]
744 540 808 602 scite
818 542 920 616 factus,

124 631 301 698 cantatusque
314 638 371 678 esse
389 638 403 677 a
417 616 511 710 pueris
520 618 589 679 urhe
597 632 651 680 tota
662 621 766 680 fertur:
784 644 799 675 u
813 621 923 682 Malum

125 697 272 759 consilium
283 697 430 757 consultori
445 697 592 779 pessimum
609 713 659 760 cst.
675 724 689 755 u
706 701 745 759 Ea
760 699 875 760 historia
885 699 923 760 de

127 777 318 858 haruspicibus
329 796 362 837 ac
381 777 415 839 dc
434 796 515 837 versu
535 777 586 839 isto
602 781 707 841 senario
769 779 824 859 'pta
840 779 920 838 estin

126 856 410 917 Annalibuslllaximis
418 857 489 916 libro
502 856 688 932 undecimo,et
698 857 725 914 in
756 857 921 917 erriiFlaoci

126 937 198 996 libro
208 936 296 1017 primo
309 940 411 997 Rerum
423 937 551 996 memoria
563 935 720 1013 dignarum.
734 934 855 995 Videtur
866 957 921 995 au-

125 1029 180 1074 tem
193 1037 287 1075 versus
302 1015 347 1076 hic
357 1016 391 1075 de
405 1017 501 1076 Graeco
513 1014 563 1074 ille
575 1013 687 1074 Hesiodi
704 1035 785 1075 versu
804 1035 920 1094 expres-

125 1115 191 1154 sus:
215 1094 250 1155 ‘ll
262 1095 290 1154 δὲ
304 1095 373 1169 κακὴ
386 1095 468 1175 βουλὴ
482 1098 521 1173 τῷ
536 1093 707 1172 βουλεύσαντι
722 1093 847 1165 κακίστη.
859 1098 903 1168 (Α
910 1144 916 1157 .

127 1174 256 1249 Gellius,
267 1177 304 1235 N.
323 1181 355 1234 A.
370 1197 396 1252 1,
413 1178 454 1251 5.)

166 1259 195 1314 9.
214 1257 245 1314 In
256 1254 350 1336 primis
363 1253 495 1313 miraculo
507 1268 570 1314 sunt
583 1267 665 1332 atque
672 1253 807 1332 frequenti
819 1268 920 1314 mortes

126 1334 286 1415 repentinae,
305 1334 356 1392 hoc
369 1347 409 1392 est
428 1333 492 1393 vitae
510 1354 616 1393 summa
632 1331 763 1406 felicitas,
777 1353 844 1412 quas
860 1355 919 1394 esse

124 1414 258 1473 naturales
266 1411 435 1472 docebimus.
448 1413 587 1473 Plurimas
600 1410 857 1493 prodidithrrius,
868 1432 919 1472 nos

123 1513 186 1552 cum
204 1492 310 1553 delectu
327 1490 439 1553 undum
450 1491 633 1557 servabimus.
646 1492 814 1569 (sumatur
825 1508 918 1553 amr·

124 1572 178 1650 pla.
194 1573 322 1647 Plinius
337 1574 372 1633 H.
390 1575 424 1632 N.
440 1594 493 1649 vu,
508 1576 559 1645 53,
574 1571 690 1651 §180.)
797 1610 816 1621 ν

163 1653 193 1709 5.
210 1649 376 1731 Elephantos
392 1650 471 1709 ltalia
493 1651 614 1730 primum
635 1647 706 1709 vidit
725 1650 826 1730 Pyrrhi
844 1651 919 1729 regis

122 1729 197 1789 bello
207 1743 235 1789 et
246 1729 425 1805 bovesLucas
437 1726 587 1810 appellavit
599 1729 627 1788 in
635 1729 751 1789 Lucanis
760 1728 834 1790 visos
847 1748 920 1789 anno

123 1806 200 1869 urbis
210 1807 475 1889 quadringentesimo
484 1806 681 1900 septuagesimo
691 1804 820 1883 secundo,
829 1809 921 1870 Roma

122 1899 212 1947 anum
228 1886 255 1946 in
267 1884 408 1969 triumpho
419 1898 521 1968 septem
532 1906 609 1948 annis
621 1884 658 1947 ad
678 1886 845 1971 superiorem
863 1902 920 1947 nu-

123 1984 229 2026 merum
243 1965 358 2040 additis,
367 1964 461 2027 eadem
471 1964 608 2048 plurimos
620 1986 690 2027 anno
703 1964 920 2106 quingentesimo

122 2044 258 2122 secundo,
272 2046 387 2107 victoria
401 2048 435 2110 L.
456 2045 562 2107 Metelli
574 2046 715 2107 Pontifieis
729 2044 758 2105 in
796 2044 869 2105 icilia
883 2042 920 2106 de

124 2124 216 2186 Poenis
227 2140 331 2207 captos.
344 2126 459 2188 Centum
469 2124 646 2207 quadraginta
659 2124 715 2186 duo
727 2124 819 2196 luere,
831 2138 879 2185 ant
887 2136 920 2187 ut

122 2202 235 2285 quidam
246 2224 300 2266 cxc
305 2204 449 2267 transvecti
459 2205 563 2267 ratibus
569 2227 639 2287 quas
644 2204 782 2266 doliorum
787 2203 921 2265 consertis

122 2282 267 2345 ordinibus
278 2284 453 2368 imposuerat.
468 2284 582 2349 Verrius
592 2304 640 2347 ecs
648 2304 785 2369 pugnasse
794 2282 822 2344 in
835 2282 919 2345 circo

123 2363 327 2442 interfectosque
332 2364 432 2449 jaculis
444 2362 525 2426 tradit
536 2363 650 2449 penuria
661 2362 920 2443 consilii,quoniam

124 2462 142 2501 n
178 2462 211 2505 ue
225 2440 262 2504 ali
295 2444 439 2522 lacuisset,
450 2464 538 2539 neque
556 2441 652 2506 donni
669 2442 797 2526 reginum
809 2444 842 2505 L.
855 2440 921 2505 Piso

125 2522 152 2582 in
174 2537 250 2584 uctos
267 2464 410 2588 dumtaxat
428 2523 603 2600 incircum,
623 2536 704 2605 atque
722 2534 754 2584 ut
769 2535 921 2585 contemtus

110 2620 211 2662 eornm
225 2602 384 2684 incesseret,
405 2604 441 2667 ab
461 2603 596 2688 operariis
603 2602 694 2666 hastas
705 2600 861 2684 praepilatas
873 2602 920 2662 ha·

95 2718 243 2784 A
