2040 3420
365 510 396 585 §z
419 508 569 569 58—43.
832 512 870 569 97

10 669 20 704 .=
67 651 179 701 orator
193 638 284 701 dietus
299 639 334 699 nb
350 641 469 701 oratione
483 668 490 711 ;
506 641 554 720 qui
576 641 648 701 enim
670 641 753 702 verba
775 643 874 703 oratio-

10 776 14 785 ,
66 740 142 779 num
152 719 263 780 baberet
277 721 386 799 publice
398 720 530 781 advorsus
543 743 605 781 eum
616 743 670 800 quo
682 721 830 802 legabatur,
841 725 874 781 ab

68 800 197 859 oratione
213 812 313 859 orator
324 799 423 860 dietus.
435 803 527 876 Quom
542 823 585 861 nes
599 802 686 882 major
702 816 770 878 erat,
783 816 875 861 orato-

68 879 134 939 res*
147 877 308 959 legebantur
320 880 492 962 potissimum
507 881 555 959 qni
566 892 673 940 'causam
686 882 874 945 oonmodissi-

10 986 18 1042 ².
69 979 119 1019 me
130 980 210 1022 orere
221 974 346 1040 poterant
360 983 367 1025 ;
382 961 473 1039 itaque
487 962 592 1053 Ennius
605 960 661 1023 ait:

10 1073 33 1123 ξ
119 1085 258 1145 Oratores
273 1084 445 1165 doctiloqui.

10 1177 23 1307 :b
114 1213 167 1273 H.
184 1208 267 1290 Apud
280 1210 419 1271 Ennium:

10 1378 20 1418 Γ.
120 1334 185 1393 otti
195 1336 349 1415 respondet
361 1340 463 1397 suono
476 1355 565 1395 sonus
575 1334 695 1416 Egeriai
712 1358 723 1412 3

23 1510 37 1528 ,
79 1458 133 1521 olli
151 1458 225 1521 volet
241 1458 345 1520 dictum
361 1460 414 1533 illi,
434 1458 540 1521 abolla
555 1472 581 1519 et
600 1457 665 1533 ollo,
679 1478 796 1535 qnorum
812 1457 878 1515 olte-

25 1522 43 1546 ⁶
78 1560 154 1617 rum,
176 1539 293 1599 comitiis
311 1562 395 1619 quom
414 1540 541 1599 recitatur
560 1561 576 1598 a
592 1558 732 1619 praecone,
753 1536 875 1596 dieitur:

81 1619 156 1691 Olla
169 1623 311 1693 centurio,
331 1620 448 1685 nonillo
462 1645 470 1694 ;
484 1619 599 1680 alterum
614 1641 648 1701 ap
668 1632 724 1678 aret
739 1618 766 1677 in
780 1619 879 1677 funeri-

26 1769 33 1777 ,
78 1700 133 1758 bns
144 1696 294 1774 indictivis,
302 1722 386 1791 quom
397 1699 519 1760 dicitur:
541 1700 627 1760 Ollns
644 1640 799 1759 litodatus
823 1712 875 1769 est,

10 1768 38 1855 ¹!
77 1778 155 1859 qnod
167 1778 280 1839 Graecns
289 1778 357 1839 dnn
371 1779 450 1862 λήθῃ,
464 1779 495 1838 id
509 1793 549 1839 est
562 1779 702 1839 oblivioni.

10 1866 33 1933 ’Τ
122 1860 173 1920 to.
187 1859 271 1941 Apud
283 1859 429 1919 Ennium:

10 1942 30 2057 ξ
163 1984 286 2042 Menses
308 1984 460 2040 constituit
474 1982 609 2059 idemque
618 1980 745 2039 ancilia*
768 2026 775 2038 .
803 2025 808 2036 .
836 2026 841 2038 .
867 2007 878 2050 ;

10 2082 17 2135 't

10 2176 14 2211 l

81 2106 197 2168 ancilia
209 2107 281 2167 dicta
295 2108 330 2167 eb
343 2106 490 2182 amhecisu‚
503 2106 578 2187 quod
592 2128 621 2167 eo
631 2126 704 2164 armo
725 2107 759 2166 ab
768 2120 879 2185 utraque

83 2202 170 2268 parte,
184 2202 215 2249 ut
225 2188 375 2262 Thracum,
390 2187 483 2247 incise.

123 2320 175 2379 il.
186 2320 331 2399 libaque,
336 2318 472 2400 fictores,
489 2318 604 2399 Argeos
615 2329 644 2378 et
658 2318 810 2378 tutulatos.

85 2445 171 2511 nita,
182 2440 258 2521 qnod
271 2440 376 2501 libandi
388 2464 469 2503 causa
479 2442 557 2502 fiunt.
573 2446 705 2502 Fictores
714 2439 781 2501 dieti
795 2464 810 2500 o
830 2442 880 2500 fin-

86 2521 181 2604 gendis
197 2521 270 2582 libis.
286 2524 380 2602 Argei
395 2522 430 2581 ab
450 2523 547 2601 Argis3
561 2522 643 2604 Argei
655 2522 722 2580 liunt
733 2544 747 2580 e
758 2521 879 2603 scirpeo,

86 2602 230 2662 simulacra
244 2602 384 2661 hominum
396 2601 506 2663 XXIIII
518 2626 527 2679 ;
549 2623 580 2662 ea
593 2602 735 2680 quotannis
754 2600 788 2659 de
803 2614 883 2679 ponte

10 2690 12 2695 '
87 2681 205 2743 sublicio
218 2703 233 2740 a
250 2682 433 2741 sacerdotibus
444 2681 554 2762 publice
568 2681 636 2742 deici
651 2680 737 2741 solent
754 2680 783 2739 in
795 2680 881 2741 Tibe-

87 2761 152 2822 rim.
170 2762 305 2821 Tutulati
316 2760 381 2821 dicti
391 2760 422 2837 ii,
439 2761 488 2839 qui
502 2762 529 2821 in
543 2762 626 2821 saeris
640 2759 668 2819 in
688 2760 823 2841 capitibus
834 2759 884 2818 ha·

86 2842 152 2901 ltere
168 2839 256 2901 solent
269 2856 299 2901 ut
312 2856 427 2912 metnm3
440 2839 471 2900 id
493 2842 604 2902 euentus
620 2838 771 2922 appellatus
794 2840 829 2899 ab
853 2862 885 2899 eo
949 2908 953 2913 ¹

87 2919 175 3000 quod,
195 2934 292 2981 matres
306 2921 422 2981 familias
437 2919 523 2980 crines
537 2922 697 2981 convolutos
711 2919 745 2978 nd
759 2920 886 2993 verticem

88 3000 186 3083 capitis
197 3021 264 3080 quos
273 3000 373 3061 habent
381 3001 465 3062 vitta*
478 3000 592 3077 velatos,
608 2999 768 3060 dicebantur
778 2999 860 3061 tutuli
874 3023 882 3077 3

440 3102 443 3107 '
759 3102 800 3132 ΗΧ
