2040 3420
387 519 413 595 §·
435 517 589 577 arn-ar.
828 522 866 581 ns

65 650 235 727 camillam,
255 649 302 729 qui
322 650 479 730 glossemata
494 651 671 730 interpretati,
683 650 811 714 dixerunt
821 652 868 713 ad·

64 733 240 808 ministrum
252 731 316 790 addi
331 745 445 810 oportet,
458 732 487 797 ,in
501 732 544 790 his
556 753 624 810 qrrae
636 732 781 793 occultiora
792 757 801 809 ;
814 734 866 793 ita—

66 833 125 893 que
143 811 246 870 dicitur
261 811 363 891 nuptiis
381 812 526 881 corninus,
541 813 589 889 qui
609 834 747 871 sumerum
763 814 824 887 lert,
838 812 867 872 in

64 914 125 973 quo
137 890 205 969 quid
219 892 266 962 sit,
285 891 311 948 in
330 891 478 949 munisterio
492 891 613 970 plerique
627 891 793 952 extrinsecus
816 911 867 951 nc-

65 972 171 1033 sciunt.
181 968 251 1030 Hinc
263 971 409 1029 Casmilus
419 971 569 1029 nominatur
581 971 751 1030 Samothrece
764 985 867 1052 myste-

65 1050 120 1111 riis
138 1050 201 1109 dius
221 1049 332 1128 qnidam
354 1048 512 1108 administer
530 1049 589 1109 Diis
606 1050 724 1127 Magnis.
743 1050 867 1111 Verbum

66 1151 127 1191 esse
141 1131 267 1190 Graecum
293 1129 422 1206 arbitror,
442 1128 516 1210 quod
533 1130 606 1211 apud
624 1129 821 1191 Callimachum
838 1130 867 1187 in

65 1209 201 1291 poematis
211 1209 269 1289 ejus
280 1210 379 1268 inveni.

108 1302 160 1363 55.
178 1301 260 1381 Aputl
275 1301 394 1361 Ennium
412 1324 419 1357 ε

108 1424 221 1486 Subulo
234 1427 384 1504 quondam
399 1430 528 1484 marinos
542 1437 659 1505 propter
673 1428 790 1485 astabat
800 1425 867 1501 pla·

149 1519 227 1592 sdes

70 1642 177 1703 subulo
189 1640 288 1716 dietus,
302 1639 377 1719 quod
390 1641 425 1700 itu
439 1640 535 1700 dicunt
545 1639 669 1700 tibicines
681 1642 764 1702 Tusci
775 1665 784 1719 3
800 1663 867 1721 quo·

68 1723 140 1783 circu
152 1721 256 1780 radices
268 1721 327 1780 eius
343 1721 371 1779 in
386 1721 508 1798 Etruria,
524 1742 574 1780 non
589 1722 666 1781 Latio
679 1722 844 1802 quaerundae.

108 1846 161 1906 56.
175 1844 312 1903 Versibus
330 1862 402 1923 quos
419 1843 490 1903 olim
509 1846 611 1902 Fauni
627 1820 867 1926 uatesque-cene·

150 1938 233 1996 bant.

67 2064 170 2123 Fauni
178 2059 230 2121 -dei
246 2059 417 2132 Latinorum,
432 2057 468 2116 ita
485 2070 516 2116 ut
533 2054 646 2118 Faunus
660 2071 687 2117 et
700 2059 793 2118 Fauna
811 2058 846 2117 sit
855 2081 864 2135 3

64 2142 119 2202 hos
131 2141 268 2211 versibus,
284 2159 353 2218 quos
371 2151 465 2198 vocant
482 2137 633 2213 Saturnios,
649 2137 677 2196 in
695 2137 866 2198 silvestribus

65 2221 141 2295 locis·
157 2219 287 2281 traditum
303 2215 342 2277 esl
362 2217 455 2277 solitos
476 2217 527 2277 fari
547 2218 649 2291 sutura,
675 2238 762 2296 aquo
785 2217 866 2277 fando

66 2302 190 2361 Faunos
202 2299 297 2358 dictos.
311 2299 446 2376 Antiquos
464 2311 554 2378 poetas
568 2309 653 2358 vates
666 2296 866 2379 appellabantur

64 2380 191 2519 'wiltis
217 2377 333 2449 viendis,
361 2391 391 2436 ut
420 2377 469 2438 de*
485 2378 615 2459 poematis
642 2398 705 2437 cum
735 2376 863 2455 scribam,

67 2472 125 2522 oste
179 2480 217 2519 m.

104 2556 158 2644 ol.
169 2580 297 2664 Corpore
306 2583 462 2641 Tartor'ino
466 2593 612 2663 prognata
618 2579 861 2659 Paludaoirago,

71 2712 227 2775 Tarturt'no
241 2708 345 2769 dictum
359 2730 375 2768 a
390 2709 515 2769 Tartaro.
531 2707 611 2767 Plato
628 2707 656 2767 in
671 2719 798 2785 quattuor
812 2702 864 2765 fln-

66 2789 187 2851 minibos
197 2788 377 2870 apudinferos
386 2787 526 2866 quaeunt,
536 2787 563 2846 in
571 2787 616 2845 his
627 2806 711 2845 unum
720 2786 863 2847 Tartarum

66 2868 200 2951 appellat3
209 2889 292 2947 quare
305 2868 414 2927 Tartari
422 2868 497 2947 origo
507 2866 613 2927 Graeca.
621 2865 741 2925 Paluda
754 2861 862 2945 opalu-

65 2946 642 3027 dumentis.Haecinsigniaatqueornamentn
651 2943 789 3015 militarie
801 2940 862 3001 ideo

63 3028 103 3109 „sd
111 3028 214 3089 bellum
231 3049 317 3108 quom
328 3026 385 3087 enit
396 3027 541 3109 imperator
553 3047 584 3086 ac
601 3025 709 3085 lictores
723 3034 861 3085 mutarunt
