2250 3090
210 144 265 181 xlv
506 144 523 179 E
544 142 737 180 murrona:

211 255 307 315 laetari.
321 258 334 315 l
382 276 414 314 ue
427 276 468 328 co,
482 253 557 333 quod
569 254 691 315 locorum
704 253 738 312 de
761 276 790 313 v.
803 254 914 314 memini

211 357 239 396 v.
257 348 348 395 metuo
382 333 482 394 'midiae
494 348 583 415 partes
605 354 655 393 suc
668 333 728 393 loeo
749 347 828 392 motae
843 376 852 403 ‚
865 348 892 393 et
908 356 925 393 a

212 414 273 475 vice
284 413 354 475 inter
366 435 396 475 tc
408 428 566 495 permutata
577 427 674 485 essent,
688 412 763 492 quod
775 415 918 473 aberrante

213 508 270 554 tera
291 495 321 556 in
338 495 449 554 alteram
463 494 589 575 paginam
600 493 706 553 librarii
720 493 799 553 oculo
813 493 873 552 lieri
890 514 925 574 pe

213 594 267 635 non
280 572 440 635 incredibile
453 588 502 647 est,
516 574 613 633 barum
632 575 773 633 turbarum
794 594 873 632 causa
897 573 925 633 in

213 667 241 715 et
253 648 363 715 ellectus
383 652 608 715 tollividebntnr.
623 656 658 713 At
680 666 709 712 nt
728 673 823 712 verum
842 653 925 712 fatear

214 738 323 815 penitius
329 732 434 795 tollitur
444 734 635 794 sententiarum
643 753 715 793 nrmc
723 750 907 793 connexarum
918 754 925 791 c

215 813 319 889 nantia,
339 812 432 875 sedeo
456 813 541 893 magis
560 810 770 891 oll'endit‚quod
791 831 863 870 nunc
887 833 925 877 cor

217 892 340 954 oratione
349 892 384 954 de
396 914 450 952 uno
461 893 538 973 quasi
562 891 659 972 spiritu
673 914 701 951 v.
728 892 881 951 meminisse
901 914 925 952 se

217 972 336 1054 primum
350 975 538 1055 pronunciata
552 987 641 1033 mente
656 1018 664 1046 ,
677 971 803 1032 deindea
829 991 926 1031 memor

217 1066 380 1130 ctumesse,
403 1054 560 1113 memoriam
579 1066 668 1112 autem
693 1073 708 1109 a
732 1049 864 1110 manendo
881 1073 922 1131 :q

218 1131 360 1193 con‘uneta
373 1132 530 1193 abbomiue
544 1153 607 1192 sano
619 1145 654 1208 et,
664 1151 717 1189 uon
735 1130 796 1191 dico
813 1132 925 1192 memori

219 1153 305 1273 oculis
310 1211 424 1286 valente,
434 1211 517 1271 scribi
528 1212 657 1304 putruisse,
666 1210 728 1289 quis
739 1231 892 1272 asseverare
902 1233 925 1271 at

219 1291 402 1367 Quamobrem
426 1291 508 1351 etiam
528 1312 557 1351 rn
582 1291 634 1351 hoc
661 1290 721 1350 loco
738 1291 872 1352 Varronis
897 1293 925 1351 δε

220 1369 382 1509 &maulim
401 1370 542 1432 noscendae
554 1384 643 1446 erunt,
658 1392 692 1431 ex
710 1371 886 1451 quibuscum
903 1371 924 1431 d

253 1462 371 1513 mmenta
422 1452 519 1532 clymis
530 1451 675 1515 verborum
688 1450 799 1510 memini
811 1464 836 1509 et
848 1465 925 1511 metu

218 1529 366 1606 'vmlssent
379 1552 409 1591 ea
422 1529 542 1612 primum
565 1531 680 1612 margini
693 1530 840 1668 adscrifta,
853 1545 925 1610 poste

221 1612 331 1671 mutatis
344 1612 417 1673 inter
425 1632 454 1671 se
467 1610 534 1672 locis
546 1614 575 1670 in
585 1613 761 1671 verborumo
797 1610 868 1669 inem
882 1610 925 1669 irn

222 1703 378 1751 statuemus.
395 1689 477 1766 Quod
489 1691 644 1773 explicandi
656 1688 808 1749 subsidium
820 1690 901 1749 etiarn
915 1691 924 1750 l

223 1769 380 1851 spondendo
391 1771 445 1842 Vl,
460 1772 509 1831 70.
525 1770 628 1831 utiliter
648 1762 774 1829 adbiberi
788 1771 898 1849 poterit,
916 1791 925 1829 e

224 1851 300 1931 pejus
314 1851 409 1912 anemo
427 1853 467 1927 Χ,
493 1850 623 1913 ⁴8...n0.
646 1851 704 1910 Hoc
718 1848 790 1907 enirn
802 1849 863 1909 loco
875 1895 883 1921 ‚
897 1871 925 1909 re

223 1928 321 1990 clamat
332 1958 343 2000 ‚-
356 1928 518 1991 divisionem
533 1929 682 1990 casualium
704 1928 901 1988 s'oeabulorum
911 1929 925 1989 it

223 2008 299 2069 culos
321 2025 350 2069 et
372 2011 525 2071 nominatus
548 2009 756 2091 proponendam
776 2008 861 2068 luisse
885 2030 925 2088 par

151 2086 164 2105 ⁸
224 2090 521 2171 generuminquaetum
534 2089 646 2150 articuli
658 2102 717 2148 tum
731 2088 884 2148 nominatus
891 2087 925 2146 di*

224 2182 281 2229 tur.
294 2170 374 2241 Nunc
383 2170 441 2230 baec
460 2170 497 2229 ita
521 2170 626 2230 turbata
639 2183 712 2240 sunt,
729 2183 758 2227 ut
770 2182 913 2246 antequam

224 2248 383 2311 distinctum
394 2250 430 2311 sit
443 2295 453 2329 ,
468 2263 556 2331 partes
577 2250 636 2339 ejus
654 2262 802 2308 tractentur
813 2262 840 2306 et
851 2246 925 2306 divid

226 2328 280 2389 Sed
291 2331 372 2393 ctiam
384 2331 435 2390 bac
452 2331 480 2390 in
493 2351 523 2390 re
532 2329 610 2388 nobis
629 2348 682 2388 non
696 2328 775 2408 plane
787 2328 925 2386 satisfaciu

226 2409 422 2490 anteponendo,
435 2411 492 2471 haee
501 2409 692 2469 inferiorcloco
702 2407 860 2467 collocando
867 2431 877 2484 ;
889 2412 925 2467 etl

227 2511 287 2564 quae
301 2491 436 2554 Varronis
448 2488 578 2559 secundas
591 2509 669 2548 curas
684 2509 747 2547 oum
759 2487 899 2568 prioribus
911 2506 925 2545 n

228 2568 341 2648 ligenter
349 2572 502 2635 commissas
515 2583 540 2629 et
560 2568 721 2646 compositas
733 2579 857 2646 arguant.
871 2569 924 2627 Cer

228 2646 262 2707 de
283 2651 460 2713 articulorum
469 2649 603 2715 divisione
615 2645 747 2708 eteorum
759 2647 918 2727 imperfecta
