2250 3090
177 106 246 201 Ι1915
460 134 543 174 trusa
563 135 704 178 ucravus.

172 284 175 291 .
193 202 276 311 531,
293 240 375 323 Quod
392 246 415 306 si
428 245 490 325 quis
503 243 642 336 duplicem
655 260 734 326 putat
756 269 818 309 esse
839 269 979 323 summam,

181 328 221 389 ad
230 348 298 407 quas
306 340 395 396 metas
408 341 510 385 naturae
518 340 554 385 stt
568 326 782 407 perveniendum
795 329 825 389 iu
838 350 899 405 usu,
911 331 980 391 utili·

81 408 84 413 ’
102 404 106 413 “
181 409 246 469 tatis
259 421 286 467 et
295 407 448 484 elegantiam
459 404 532 484 quud
548 426 600 464 nun
620 405 710 465 solnm
722 409 816 467 vestiti
835 412 980 471 essevolu-

185 508 247 548 mus
254 499 290 546 ut
304 488 418 547 vitemus
427 487 524 564 frigus,
540 485 678 544 sedetiam
692 499 724 545 nt
734 486 884 549 videamur
895 490 979 551 vestiti

183 588 240 627 esse
251 566 377 642 boneste3
392 586 443 625 nun
455 566 566 624 domum
578 565 676 624 habere
687 580 717 625 nt
729 568 817 627 simus
829 568 856 639 iu
871 583 940 629 tectu
955 584 980 629 et

183 660 243 707 tuto
254 647 354 719 solum,
365 664 419 724 qno
433 645 573 705 necessitas
586 649 758 719 contruserat,
777 647 924 709 sedetiam
936 649 978 713 ttlrr'

184 726 249 786 volu
270 741 309 786 tas
331 728 444 785 retinere
457 726 556 805 possit3
571 746 623 783 uun
638 725 727 784 sulum
741 747 805 785 vasa
820 726 858 787 ad
882 729 977 789 victum

183 749 298 880 habilia,
311 805 447 864 sedetiam
462 805 548 881 figrrra
558 805 629 863 bella
643 819 723 883 atque
735 807 770 865 ab
784 806 976 888 ar·tilrce(quud

183 885 260 946 aliud
275 886 389 957 bomini,
414 885 491 944 aliud
515 884 674 943 humanitati
699 885 763 944 satis
786 902 847 960 cst;
865 887 976 967 quudtlt

183 965 283 1026 sitienti
299 965 426 1046 pocrrlum
449 964 550 1023 bomini
565 965 704 1038 idoneum,
731 965 912 1037 humanitati,
930 966 975 1027 uisi

182 1044 296 1119 bellum,
310 1066 407 1125 parum
418 1046 446 1124 );
459 1044 506 1103 sed
518 1066 579 1103 cum
589 1044 735 1103 discessum
748 1040 789 1104 est
808 1048 844 1105 ab
860 1046 974 1108 'utilitate

180 1124 216 1183 ad
230 1126 395 1205 voluptatem
410 1149 418 1184 ε
432 1128 518 1184 tarue'n
537 1124 565 1183 in
577 1145 608 1183 eo
619 1144 654 1183 ex
670 1123 900 1187 dissimilitudine
919 1126 973 1209 plur

180 1202 339 1286 voluptatis,
363 1227 443 1280 arnam
457 1225 491 1264 ex
513 1202 704 1276 similitudine,
719 1225 790 1285 saepe
811 1206 972 1286 capitur.-

80 1346 93 1359 ,Ι
180 1284 229 1342 52.
246 1287 308 1360 Quo
331 1285 439 1343 nomine
464 1298 491 1344 et
515 1284 621 1363 gemina
645 1283 785 1343 conclavia
810 1285 972 1347 dissimiliter

43 1356 54 1371 ⁸
81 1376 89 1397 ¹
178 1363 312 1440 polluar,
324 1364 440 1424 etlertos
456 1384 510 1422 uon
523 1365 627 1423 omneis
646 1364 721 1443 paris
744 1366 971 1443 magnitudinem

179 1441 266 1522 ligura
279 1443 387 1503 faciunt.
402 1443 483 1519 Quod
495 1444 516 1503 si
529 1456 598 1502 esset
608 1443 730 1522 analogia
749 1444 865 1522 peteuda
885 1444 970 1526 supul-

177 1521 273 1599 territi,
287 1544 378 1583 omnes
394 1524 476 1583 lectos
498 1522 658 1582 haberemus
678 1523 754 1583 dumi
769 1521 905 1585 adunam
923 1525 971 1585 fur-

178 1623 261 1673 mam‚
282 1618 308 1662 ct
328 1617 374 1663 ant
389 1626 451 1663 cum
470 1602 568 1673 fulcro,
592 1615 640 1661 aut
652 1602 711 1661 sine
726 1623 769 1673 eo,
783 1623 845 1677 uec,
867 1600 970 1663 eumad

177 1682 351 1742 tricliniarem
368 1682 494 1764 gradum,
509 1682 600 1741 *item
615 1681 649 1740 ad
664 1681 851 1741 cubicularem
866 1707 875 1743 r
893 1702 968 1762 neque

177 1763 268 1842 potius
284 1761 478 1822 delectaremur
495 1761 672 1841 supellectile,
688 1762 815 1821 distincta
835 1782 898 1841 quar
912 1774 969 1823 esset

177 1862 213 1901 ex
229 1842 321 1917 ebore,
348 1844 463 1920 aliisque
484 1842 565 1900 rebns
586 1840 743 1923 disparibus
765 1841 875 1922 srguris,
896 1861 967 1922 quau

177 1921 305 2000 grabatis,
321 1923 368 1999 qui
383 1921 434 1982 ἀνὰ
448 1921 543 2001 λόγον*
554 1918 714 1980 adsimilem
726 1919 841 1979 lurmaru
851 1923 966 2003 plerum·

213 2003 330 2061 eeadem
341 2002 450 2061 materia
462 2003 540 2060 lruut.
553 2003 645 2076 Quare
658 2013 704 2059 aut
716 2003 883 2079 negandum,
900 1998 967 2061 nobb

196 2079 296 2162 ispania
309 2103 367 2141 esse
377 2081 498 2164 jucunda
510 2104 517 2154 ;
530 2094 577 2139 aut
615 2080 723 2141 uoniam
734 2100 840 2140 necesse
851 2096 892 2141 est
909 2100 966 2141 cun·

173 2159 255 2235 lueri,
266 2161 424 2236 dicendum,
436 2162 581 2221 verborum
594 2102 848 2220 dissimilitudinem
868 2181 927 2240 quae
938 2158 965 2218 sit

86 2296 90 2301 .
174 2239 419 2314 mausuetudine,
433 2261 487 2299 nuu
501 2262 557 2300 esse
570 2238 719 2299 vitandam.

213 2324 264 2380 aa.
284 2321 366 2398 Quod
383 2322 406 2381 si
419 2321 546 2400 analogia
559 2319 696 2399 sequenda
708 2332 750 2379 est
765 2320 846 2380 uubis
861 2344 870 2379 ε
885 2332 963 2378 autea

173 2398 252 2460 uobis
262 2400 431 2460 observanda
453 2415 492 2461 est
516 2421 576 2479 quae
593 2412 632 2458 est
653 2399 681 2458 in
704 2398 910 2471 cousuetudine,
923 2408 962 2456 aut

172 2501 233 2558 quae
247 2501 299 2540 non
321 2495 371 2541 est.
386 2481 417 2540 si
431 2502 462 2539 ca
473 2502 533 2559 quae
553 2494 593 2540 est
606 2477 741 2556 sequenda
759 2493 819 2539 est:
836 2474 961 2560 preceptis

172 2559 243 2618 uihil
257 2582 327 2642 opus
339 2560 480 2640 est‚qnod,
490 2582 571 2639 quom
586 2558 807 2620 cousuetudinem
818 2574 958 2637 sequamur,

172 2658 203 2696 ca
218 2660 267 2699 uus
279 2656 406 2721 sequetur
413 2664 422 2719 ;
443 2642 478 2717 si,
502 2661 562 2720 quae
584 2660 639 2701 uon
652 2654 693 2700 est
712 2639 747 2699 in
766 2634 957 2705 consuenda,
