2250 3090
509 54 518 68 ¹
568 29 643 48 „„„„„
656 21 682 48 a
697 9 766 68 equa
780 9 843 49 nas·

298 91 353 129 uus
373 83 420 130 aut
438 69 527 144 mula,
546 82 577 128 ut
598 90 632 128 ex
645 90 715 147 equo
730 82 756 128 et
769 69 844 129 asina

313 151 375 210 Non
393 150 433 210 sic
452 170 487 208 ex
510 149 570 207 viro
589 162 615 207 et
628 149 743 207 muliere
756 149 844 207 omnis

298 229 377 311 pueri
390 243 417 288 et
429 229 548 309 puellae?
563 249 616 287 non
634 228 733 287 horum
748 228 784 286 ita
799 229 843 287 iu·

298 308 367 368 milia
382 309 526 380 membra,
548 323 577 368 ut
591 308 735 388 separatim
755 307 782 365 iu
794 328 844 367 suo

298 387 475 447 similitudine
488 388 542 461 sint
555 388 649 468 paria?
661 389 739 463 Non,
757 385 844 445 omnis

298 488 322 526 ta
338 481 365 526 et
379 474 509 547 corpure,
521 481 611 548 partes
621 487 734 545 quaeque
745 467 844 526 horum

301 547 362 608 les?
376 580 417 597 ·-
429 549 479 609 50.
492 547 567 619 Quid
589 566 652 624 eigo
676 567 738 606 cum
752 566 844 606 omnes

298 649 304 686 ι
318 628 373 687 sint
386 625 482 688 divisae
502 627 529 685 in
555 641 663 686 octonas
678 626 791 707 parteis,
806 647 844 685 eae

300 708 401 767 uitione
412 706 512 767 similes
521 712 533 771 l
541 708 661 786 quinque
672 706 772 784 quibus
781 726 842 765 sen·

322 787 489 868 cogitamus,
507 802 629 869 septuma
644 807 698 865 qua
711 806 843 867 progene-

310 887 414 926 avoces
424 867 578 926 mittimus?
591 867 680 945 Igitur
689 876 699 938 ‚⁴
712 865 840 944 quoniam

312 946 444 1018 ationem,
463 945 532 1006 hano
554 966 662 1025 quoque
678 966 784 1005 necesse
803 959 843 1005 est

316 1024 625 1104 logias;itaquehabet.
712 1065 715 1069 -
810 1059 815 1071 ·

320 1124 338 1164 u
352 1118 405 1180 ‚ut
415 1105 505 1166 Graeci
519 1106 635 1166 habeant
654 1127 713 1166 eam
724 1105 843 1186 quadri·

324 1210 327 1241 ι,
341 1206 393 1263 qua
405 1185 440 1244 sit
447 1206 539 1258 casus,
551 1186 663 1246 alteram
674 1187 702 1245 in
710 1208 764 1265 qua
772 1201 842 1247 tem·

328 1266 658 1344 tueutruu1‚quartamin
671 1289 726 1345 qua
739 1281 843 1326 utrum-

332 1348 359 1407 t?
374 1343 485 1423 Ecquid
493 1347 575 1406 verba
587 1393 595 1420 ‚
612 1346 697 1405 nescis
705 1392 714 1418 ,
726 1360 756 1405 ut
768 1350 843 1427 apud

341 1424 414 1496 ,alia
434 1444 505 1496 nou,
527 1426 565 1486 sic
575 1439 757 1504 utraque‘esse
769 1425 843 1506 apud

340 1526 374 1564 tm
388 1524 440 1562 non
454 1503 569 1578 dubito,
592 1506 657 1584 quiu
670 1503 842 1565 animaduer-

344 1584 554 1643 unumerubilem
569 1583 781 1643 similitudinum
792 1603 843 1641 nu·

348 1677 501 1718 temuorum
515 1663 578 1700 w*
