2250 3090
201 131 260 189 {26
397 140 403 155 ⁸
473 146 556 184 ursan
575 144 716 186 ocravus.

201 258 338 322 communi
352 277 492 319 consensu.
506 260 600 337 ltaque
610 278 712 333 omnes,
729 256 872 339 impositis
886 254 992 320 nomini·

201 344 263 416 hus,
274 360 367 399 eorum
383 338 447 397 item
463 336 599 398 declinant
611 350 699 410 casus,
715 351 799 416 atque
811 338 909 400 eodem
922 337 996 398 modo

201 421 298 480 dicunt
316 419 400 501 hujus
423 417 598 491 Artemidori,
620 431 647 477 et
667 418 751 498 hujus
768 419 857 498 lonis,
877 433 904 480 et
920 420 997 500 hujus

202 499 337 580 Ephesii:
351 498 391 558 sic
409 497 438 556 iu
451 497 558 557 casibus
573 498 749 558 attiae-att.
764 499 842 558 Cum
859 512 1000 577 utinum

202 598 395 657 nonnunquam
412 576 526 651 accidat,
539 591 565 637 et
578 591 608 637 ut
620 576 649 636 in
657 575 813 639 voluntaria
826 578 999 639 declinatione

183 692 188 706 ·
203 657 432 719 animadvertatur
442 671 548 732 natura,
561 672 589 719 et
600 658 629 716 in
644 657 762 717 naturali
773 656 903 720 voluntas
920 658 996 738 (qun,

131 810 134 815 .
205 736 378 820 quojusmodi
391 737 455 812 sint,
469 738 604 819 aperietur·
618 737 687 796 inira
702 743 725 812 ),
738 737 814 816 quod
828 753 946 817 utraque
957 735 996 797 de·

204 818 348 879 clinatione
371 818 424 878 alia
443 817 513 876 srunt
532 816 642 892 similia,
663 816 718 876 alia
732 817 881 878 dissimilia
897 838 905 872 ε
920 816 955 877 de
970 837 996 876 oo

205 898 295 959 Graeci
303 897 447 976 Latinique
457 896 542 957 libros
554 898 672 958 lecerunt
683 895 801 973 multos3
810 897 914 978 partim
922 916 996 978 quon

206 979 254 1037 alii
267 992 392 1059 putarent
413 978 442 1036 in
456 975 591 1055 loquendo
614 998 644 1036 ea
670 976 753 1038 rerba
767 978 846 1056 sequi
870 990 996 1058 oportere,

206 1080 266 1136 quae
280 1081 295 1118 a
307 1057 442 1117 similibus
463 1056 589 1116 similiter
601 1069 687 1116 essent
700 1054 849 1132 declinata,
866 1079 935 1136 quos
955 1078 997 1137 ap·

206 1139 343 1218 pellarunt
354 1135 514 1216 ἀναλογίαςε
529 1136 580 1197 alii·
591 1158 654 1197 cum
670 1134 700 1195 id
716 1136 918 1216 neglegendum
928 1150 998 1220 puta·
1039 1188 1041 1199 .

208 1231 267 1277 rent
285 1239 315 1276 ac
329 1217 419 1297 potius
438 1215 601 1295 sequendam
613 1215 869 1276 dissimilitudinem
883 1262 892 1292 ‚
907 1238 966 1296 quc
975 1215 998 1275 in

208 1296 400 1357 consuetudine
412 1309 463 1372 est,
475 1316 557 1374 quam
577 1309 674 1357 rocam
694 1295 871 1375 ἀνωμαλίανε
887 1316 966 1373 cum,
976 1307 1000 1354 ut

208 1397 258 1456 ego
270 1377 398 1451 arbitror,
418 1389 563 1454 utrumque
582 1377 619 1436 sit
630 1375 709 1435 nobis
722 1375 894 1454 sequendum
907 1399 917 1453 ;
936 1372 1001 1455 qnod

190 1504 192 1508 .
210 1457 238 1517 in
258 1456 435 1517 declinatione
453 1455 606 1516 voluntaria
629 1455 665 1514 sit
686 1454 832 1533 anomalia,
848 1453 1005 1515 innaturali

209 1538 295 1617 magis
307 1537 438 1616 analogia.
450 1569 491 1582 -
509 1537 559 1595 ld.
573 1538 615 1594 De
630 1534 731 1614 quibus
744 1533 895 1615 ,utriusque
907 1533 1006 1616 generis

210 1616 436 1677 declinationibus
448 1615 534 1674 libros
546 1615 644 1675 faciam
661 1614 706 1673 bis
721 1627 812 1673 ternos
824 1635 831 1670 :
847 1614 951 1695 prioris
962 1614 1006 1676 tris

210 1697 245 1757 de
268 1719 361 1757 cartem
374 1695 584 1757 declinationum
603 1694 766 1775 disciplina;
793 1694 966 1774 posterioris,
978 1712 1007 1754 et

212 1780 270 1856 ejus
284 1776 434 1858 disciplina.
447 1774 653 1858 propaginibus.
680 1776 720 1833 De
742 1773 884 1855 prioribus
907 1775 1008 1856 primns

211 1857 263 1917 erit
277 1857 351 1918 hic:
374 1876 434 1935 quae
458 1867 550 1914 eontra
565 1853 773 1914 similitudinem
796 1852 1009 1915 declinationum

212 1934 513 2014 dicantur3secundus‚
536 1956 596 2013 quac
621 1948 712 1994 contra
737 1932 1011 2003 dissimilitudinem

212 2017 307 2076 tertius
316 2015 351 2075 dc
364 2013 575 2074 similitudinum
588 2015 686 2073 for-rna.
699 2015 741 2072 De
750 2012 852 2091 quibus
860 2035 924 2092 quae
932 2034 1012 2095 expe·

213 2095 300 2169 dieto,
311 2094 425 2174 singulis
432 2094 520 2159 tribus
532 2119 540 2167 ;
550 2107 610 2153 tum
622 2092 657 2154 de
668 2092 760 2152 alteris
768 2091 884 2153 totidem
894 2094 1013 2155 scribere

214 2198 245 2235 ac
253 2175 375 2236 dividere
385 2174 561 2255 incipiamusss

254 2256 304 2317 25.
320 2255 463 2335 Incipiam,
476 2255 549 2332 qnod
559 2253 673 2334 hujusce
682 2251 748 2313 libri
758 2264 810 2326 cst,
818 2250 915 2314 dicere
922 2266 1014 2314 contra

215 2357 259 2396 cos
273 2335 319 2414 qui
330 2333 537 2394 similitudinem
550 2346 678 2396 secuntur
692 2356 699 2390 τ
714 2353 775 2412 quae
786 2345 838 2411 est,
853 2347 886 2393 ut
896 2334 925 2393 in
939 2347 1015 2395 aetate

215 2437 285 2497 puer
301 2414 439 2475 adsonem
453 2457 461 2489 ,
476 2413 570 2505 puella
584 2412 619 2472 ad
637 2433 730 2487 anum,
751 2411 779 2471 iu
793 2411 909 2485 ¹verbis,
923 2427 955 2474 ut
975 2427 1016 2474 cst

215 2496 305 2557 acribo
319 2494 446 2570 scribam,
460 2492 523 2555 drco
535 2492 635 2554 dicam.
657 2490 738 2552 Prius
752 2505 845 2553 contra
858 2494 1015 2556 universam

138 2642 140 2649 ¹
216 2575 365 2653 analogiam
375 2596 385 2653 3
405 2572 541 2634 delutum
562 2573 597 2634 de
616 2571 732 2652 singulis
744 2572 871 2653 partibus
889 2587 1015 2637 enatura

217 2675 346 2714 serrrronts
359 2654 494 2736 incipiam.
