2250 3090
167 222 226 281 ut
553 236 574 281 n

164 346 263 413 citare,
276 353 394 416 rectem,
408 340 463 400 reci
484 361 589 401 recem.
611 339 683 400 unde
696 362 740 420 eq.
764 344 879 423 gremiis
898 370 904 403 .·

161 423 274 500 jectam,
293 418 422 500 adfigere.
443 362 556 479 Plautus
570 420 599 479 in
618 420 754 479 Astraba:
775 422 865 496 Quasi
885 436 903 485 ti

164 514 269 573 ncnct,
292 513 338 558 ant
354 497 442 581 pilum
463 501 592 559 Graecum
616 498 774 579 reciproceis
800 501 882 580 plana

52 586 70 605 ''
165 579 350 655 illecellere,
365 577 511 653 reclinare,
524 591 550 636 et
568 578 715 653 excellere,
725 578 752 636 in
770 578 860 639 altum

163 660 228 719 lere.
240 658 419 735 fflleeininm,
430 677 508 717 omne
519 657 717 718 vestimentum
728 656 902 737 quadratum,

165 740 212 816 qui
225 737 292 799 ΧΠ.
305 736 472 817 interpretati
491 750 571 807 sunt‚·
583 757 640 797 esse
651 733 781 797 dixerunt
799 737 845 797 vir
856 752 902 819 teg

165 818 290 877 mulieres
311 814 478 890 utebantur,
502 828 662 896 pretextum
674 829 696 853 ¹⁰
708 815 788 876 clave
810 837 902 899 purpn

198 979 384 1046 [¹elisterieur
403 983 443 1048 cuj
491 983 552 1035 iam.
575 982 642 1033 ’iis
665 980 804 1035 tenvius.
825 984 899 1037 ⁴Etr

166 1051 176 1081 ⁵
187 1047 263 1100 Veiis.
280 1046 407 1101 tveenu.
416 1058 426 1093 ⁷
434 1058 462 1099 tn
513 1062 598 1101 onem.
609 1046 618 1081 ⁸
631 1047 657 1099 ii.
670 1047 785 1099 tvieilcm
796 1060 895 1117 tegam,

167 1126 187 1147 ¹·
200 1112 372 1183 praetextam]

507 1345 546 1410 P.
564 1346 619 1413 85.

168 1510 238 1569 unde
260 1510 382 1573 reciniati
412 1510 501 1573 mimi·
521 1512 675 1594 planipedes
686 1536 696 1591 5
711 1534 794 1592 qnam
814 1504 877 1575 reni

167 1603 259 1669 genter
279 1592 436 1670 exsequitur
456 1593 554 1653 Santra
566 1594 599 1652 L.
612 1594 651 1653 11.
666 1593 702 1652 de
717 1592 887 1671 Antiquitate

168 1672 275 1733 berum.
298 1673 321 1751 Ἱ
336 1669 532 1733 Reccnductae¹
546 1671 656 1732 leceriv
669 1685 696 1731 et
708 1670 823 1733 condere
846 1674 898 1735 nrli

168 1753 271 1825 fucere,
284 1751 436 1825 aedificare,
458 1765 490 1811 ut
514 1751 625 1812 Cincius
652 1765 763 1811 tcstaum
784 1751 814 1811 in
835 1752 898 1815 lihn

172 1830 270 1891 Verbis
293 1830 400 1912 priscis.
461 1830 550 1906 Ricae,
572 1844 599 1889 et
616 1830 709 1892 riculae
730 1845 862 1891 vorentur
880 1852 898 1913 p

170 1910 282 1985 ricinia,
303 1922 333 1969 ut
348 1909 434 1991 pallio
477 1909 513 1970 ad
533 1930 614 1969 usum
634 1910 823 1990 capitisfacta.
851 1912 898 1973 Gn

171 1984 281 2063 quidem
304 1986 421 2051 aitesse
444 1987 576 2049 muliebre
606 1987 747 2068 cingulum
773 1990 890 2070 capitis,

171 2087 221 2146 pro
247 2066 315 2129 vitta
338 2068 488 2130 Flaminica
510 2066 679 2127 redimiatur.
708 2068 841 2149 ffRectae
872 2091 897 2161 ap

171 2147 261 2207 lantnr
295 2148 453 2211 vestimenta
491 2145 604 2221 virilia,
642 2168 701 2225 qrrae
739 2159 830 2227 patres
871 2146 894 2207 h

171 2226 228 2287 suis
257 2226 422 2289 conficienda
449 2240 564 2302 curant,
586 2226 684 2286 ominis
702 2246 803 2303 cansa,
825 2226 864 2287 ita
889 2249 896 2286 ι

172 2320 245 2385 pata,
271 2330 301 2386 q.
327 2306 498 2369 astantibus
521 2304 596 2365 etin
626 2304 798 2367 altitudinem
824 2321 896 2368 textu

170 2387 423 2469 ff-Remancipatam
435 2386 534 2461 Gallus
551 2384 644 2446 Aelius
662 2407 719 2447 csse
728 2387 777 2458 ait,
789 2406 850 2465 qne
863 2405 895 2445 m

174 2479 235 2543 pata
256 2468 291 2529 sit
306 2467 342 2527 ab
368 2488 416 2542 eo,
432 2465 478 2527 cni
496 2465 524 2526 in
537 2485 647 2527 manum
671 2464 837 2527 convenerit.
864 2468 888 2547 ff

173 2564 220 2603 nes
252 2567 320 2625 ques
339 2566 388 2607 nes
410 2567 562 2623 vocamus,
592 2545 699 2625 antiqui
721 2542 895 2605 nefrundines

173 2621 329 2702 pellebant,
356 2626 419 2705 quia
447 2626 538 2689 Graeci
561 2624 668 2707 νεφροὺς
690 2646 736 2686 cos
757 2636 865 2685 vocant.

178 2713 239 2761 utin
273 2706 303 2763 in
333 2707 495 2786 Satyrione:
519 2708 593 2769 Male
625 2703 676 2767 tibi
713 2703 834 2781 evenisse
865 2701 895 2765 vi
