2250 3090
162 141 222 206 158
450 160 537 205 ntum
556 160 664 203 nonno.

162 276 199 339 nd
212 297 294 337 usum
304 273 473 357 singularia,
491 272 591 351 quihus
608 271 831 337 disomnirentur
852 275 952 337 numina

161 356 297 436 gentilicia
309 379 318 431 3
333 370 362 414 ut
376 356 411 413 nb
424 373 537 413 numero
545 353 689 427 Secundo,
707 356 824 433 Tertia,
836 356 955 433 Quum

161 437 191 495 in
202 436 269 496 viris
289 449 320 495 ut
337 436 480 512 Quintus,
495 434 616 507 Sextus,
631 433 790 509 Docimus,
804 436 845 497 sin
857 435 957 497 nbnliiu

161 515 252 575 rebus.
265 517 336 575 Cum
350 527 439 573 essent
453 511 511 572 duo
532 513 653 574 Terentii
672 528 723 575 aut
734 515 845 593 plures,
860 516 956 585 dinom-

162 594 244 654 nendi
257 614 353 667 miron,
365 607 394 652 ut
402 591 506 671 aliquid
517 590 655 672 singulare
662 591 807 670 haberent,
819 597 956 655 notnbnnt:

161 675 274 735 forsitan
287 674 322 733 ab
334 693 382 744 eo,
394 672 442 752 qui
460 692 537 731 mnne
558 686 636 732 nutus
649 674 751 750 esret*‚
762 675 829 735 ntis
841 678 957 735 Manius

161 752 334 828 dineretur*;
347 753 395 831 qui
412 751 486 826 luci,
502 753 611 811 Lucius
614 777 629 824 ,·
646 752 694 831 qui
709 767 771 833 pust
784 754 871 834 patris
891 775 956 814 mnr-

162 848 232 906 tem,
254 833 420 892 Postumus.
433 831 536 891 -61,
553 832 578 891 E
595 832 711 910 uiribus,
729 854 793 893 oum
810 834 876 894 item
890 835 954 894 uoci·

162 911 246 973 disset
257 912 384 987 semiuis‚
400 912 574 992 proportione
586 912 622 971 ita
640 910 776 992 appellata
795 913 956 974 declinarant

162 991 327 1072 praennmina
338 992 483 1051 mulierum
494 991 599 1069 antiqui
608 1037 618 1068 ,
627 994 746 1065 Mania,
756 994 870 1067 Lucum.
877 994 956 1053 Post·

164 1093 243 1131 uma.
259 1070 397 1133 Videmus
416 1071 488 1131 enim
500 1071 622 1131 Munium
634 1084 748 1130 matrem
772 1072 878 1132 Larum
889 1074 955 1145 dim

163 1152 276 1211 Luciam
291 1150 475 1211 Volumininm
488 1150 626 1211 Saliorum
638 1150 807 1211 carminibus
818 1152 955 1234 appellari

162 1233 320 1290 Postumum
338 1251 355 1288 a
372 1230 467 1288 multis
484 1242 545 1310 pust
557 1229 642 1311 putris
660 1244 773 1291 mortem
793 1231 957 1293 etiamnunc

162 1308 305 1389 appellari.
318 1336 359 1357 —
367 1310 419 1369 62.
436 1311 528 1384 Quare
537 1330 699 1399 quoeunque
708 1328 854 1391 progressu
865 1326 905 1373 est
916 1332 956 1371 nn

162 1403 235 1463 tura,
245 1408 310 1447 eum
324 1410 375 1447 usu
388 1389 516 1449 vocabuli
530 1388 655 1449 similiter
686 1391 845 1473 repertione
856 1412 909 1487 pro

163 1483 224 1550 gata
244 1482 285 1528 est
302 1468 446 1548 analogin3
468 1490 549 1540 oum,
566 1468 595 1527 in
616 1411 718 1547 quidus
736 1468 911 1531 declinationi

162 1549 324 1610 voluntariis
334 1552 417 1609 maris
428 1563 454 1609 et
466 1550 575 1608 leminae
583 1562 610 1607 et
621 1561 784 1628 neutraque
797 1550 956 1619 voluntarii,

162 1649 217 1690 nnn
229 1629 343 1689 debeant
354 1628 480 1691 similiter
491 1627 635 1697 declinari,
649 1626 708 1702 sed,
723 1629 753 1687 in
765 1626 869 1707 quibus
881 1644 955 1689 untu-

161 1710 233 1770 rules
247 1709 301 1769 sint
319 1709 481 1778 declinatus,
500 1708 529 1767 hi
546 1707 595 1786 qui
613 1727 671 1766 esse
687 1708 873 1788 reperiuntur.
890 1712 957 1785 Quo

161 1791 233 1850 cirea
242 1789 271 1851 iu
282 1788 370 1848 tribuo
379 1789 522 1868 generibus
531 1787 671 1846 nominum
683 1787 778 1866 inique
788 1789 891 1849 tollunt
898 1809 956 1848 nnu-

161 1868 171 1926 Ι
207 1869 257 1929 ins.
340 1870 342 1874 ’

173 1889 250 2009 0ἱὲ65.
265 1950 321 2024 Qui
333 1942 424 2009 intem
435 1969 481 2008 eas
494 1938 711 2028 reprehendunt,
727 1946 803 2025 qnod
817 1948 871 2008 ulia
885 1968 955 2008 vout-

160 2028 228 2087 buln
241 2028 392 2108 singularia
402 2028 457 2089 siut
469 2027 559 2087 nolum
570 2038 600 2084 ut
612 2030 698 2100 cicer,
709 2026 765 2085 alin
775 2026 955 2097 multitudinis

161 2107 251 2167 solum
267 2122 297 2167 nt
310 2109 407 2181 senio,
427 2128 490 2167 eum
503 2105 648 2166 debuerint
660 2105 751 2165 omnin
766 2107 878 2166 essedo
898 2105 953 2165 liein

163 2200 193 2247 ut
205 2206 305 2268 equos,
326 2193 409 2269 equi,
425 2186 554 2266 analogiae
568 2184 775 2245 fundamentum
787 2206 848 2246 esse
863 2129 955 2247 ollivi-

161 2282 275 2327 suuntur
285 2283 410 2328 naturum
420 2281 447 2326 et
460 2288 551 2326 usum.
568 2264 712 2346 singulare
722 2278 773 2336 est,
781 2265 859 2343 quod
867 2280 955 2326 natum

161 2366 247 2407 unrrm
256 2345 390 2486 signidem
401 2360 431 2405 ut
441 2367 537 2424 equos,
544 2360 591 2404 aut
599 2344 822 2433 quodeonjnnutn
832 2344 956 2424 quodum·

161 2425 243 2487 modo
257 2449 272 2485 n
310 2448 395 2487 unum
413 2444 495 2485 nsum
513 2440 543 2486 nt
561 2425 631 2503 higae
647 2446 655 2487 :
670 2435 762 2503 rtnque
777 2423 832 2484 nt*
845 2425 955 2485 dicimur

161 2526 224 2566 unu
235 2510 336 2583 Musa,
352 2507 392 2567 sin
407 2506 524 2567 dicimus
537 2524 604 2566 unoe
617 2507 700 2580 bigae.
709 2500 814 2565 2-64.
830 2505 954 2566 Multitu-

160 2581 235 2647 dinis
246 2587 378 2648 vocabula
392 2592 455 2646 on'ut
469 2607 557 2646 unum
569 2585 709 2645 infinitum
723 2598 757 2644 ut
773 2583 876 2659 Musae,
890 2584 953 2644 ulte·

57 2700 62 2707 ·
161 2682 222 2723 rum
235 2666 345 2728 linitum
357 2681 386 2727 ut
399 2666 468 2743 duo,
481 2681 547 2743 tres,
562 2678 680 2744 quatuor
692 2688 700 2739 ;
711 2663 833 2726 dicimus
845 2664 914 2725 enirn
926 2671 953 2719 nt
