2250 3090
414 90 426 98 υ
469 64 508 95 ..,
528 43 554 78 ei
569 33 689 100 apertum
708 40 813 81 consuet

298 102 407 159 terentia
422 98 575 177 loquentis;
588 113 615 159 et
628 113 774 178 utrumque
796 101 820 160 fi.

298 179 352 258 ugia
369 201 377 235 =
392 178 504 238 nibilea
514 200 583 260 opus
596 192 646 242 est.
662 180 756 256 Neque
766 181 827 239 euiu

298 279 318 317 <u
333 259 458 319 Herculis
472 259 578 318 clavam
594 259 650 318 dici
668 272 802 338 oporteat,
825 281 834 319 s

298 358 391 416 ¹quom
414 351 561 417 utrumque
572 338 608 397 sit
628 339 657 397 iu
680 336 842 397 consuetudi

298 416 375 490 lum,
396 417 471 497 quod
488 439 563 496 aeque
585 431 687 477 suntet
703 418 798 478 brevia
812 431 838 478 et

297 510 413 572 ueteres,
427 496 541 578 quujus*
557 497 681 557 utilitatis
695 518 775 557 causa
788 518 856 576 quaei

298 590 333 652 tu,
345 579 370 636 si
387 599 422 637 ex
445 599 475 637 eu
489 577 551 655 quis
562 576 591 636 id
605 579 639 636 sit
652 590 825 651 consecutus,
842 598 863 636 u

298 657 331 717 iri
350 678 434 735 quum
447 659 483 717 sit
495 657 610 717 nimium
625 657 715 732 otiosi,
724 670 749 716 et
760 677 822 717 cum
835 670 870 716 ut

298 737 335 796 tu
345 737 405 796 ideo
416 737 472 797 siut
482 737 607 818 imposita
617 738 710 804 rebus,
722 750 753 796 ut
762 737 878 815 eu'sigui

306 820 446 897 sequimur
459 838 513 877 uua
536 815 741 892 consuetudine,
765 816 837 877 nihil
849 840 883 899 pr

317 975 389 1053 edit,
402 977 489 1056 quod,
500 995 670 1055 quaecuuque
688 996 754 1035 usus
767 997 847 1037 causa
866 978 898 1038 ud

325 1072 448 1138 sumptu,
461 1058 488 1116 iu
510 1056 553 1115 his
567 1055 686 1116 necesse*
699 1054 842 1115 utilitatem
856 1079 898 1135 qu:

332 1135 489 1196 ilitudiuem
500 1158 509 1213 3
520 1137 610 1214 itaque
624 1135 652 1194 iu
665 1135 766 1195 vestitu
779 1156 862 1214 quom
875 1136 898 1196 di

339 1215 424 1276 virilis
433 1230 495 1296 tugu
504 1215 612 1283 tunice,
622 1215 765 1275 muliebris
776 1216 845 1276 stola
857 1217 898 1298 pul

349 1295 508 1355 nubilitatem
523 1295 593 1355 huuc
610 1295 749 1373 sequimur
762 1295 850 1355 nihilo
862 1296 899 1354 mi

354 1375 522 1454 liciis,quum
537 1396 589 1434 nou
600 1375 740 1434 videamus
753 1375 853 1436 habere
861 1390 899 1436 uti

361 1479 385 1516 ui
398 1453 615 1531 similitudinem,
630 1469 655 1514 et
668 1455 825 1515 cubiculum
839 1455 874 1516 ad
887 1477 898 1514 e

370 1549 460 1614 rupter
475 1535 616 1594 utilitatem
628 1536 656 1593 iu
666 1534 710 1594 his
727 1533 898 1595 dissimilii-³

379 1614 571 1675 similitudines
583 1615 675 1672 sua-³·-
