2040 3420
352 518 547 598 offl-m
790 519 848 577 eo

170 668 220 723 oa,
234 644 337 726 nuptie
348 657 413 723 troo,
424 642 476 705 eui·
484 661 537 725 pro
547 661 581 703 eo
592 662 660 703 imoe
672 642 759 724 bigae,
771 645 849 703 binoe

168 750 217 810 ξω,
232 730 317 789 trinoe
333 731 443 806 nuptie
456 748 467 781 .-
481 726 592 807 appeuet
606 742 661 783 non
674 743 732 782 esee
746 721 813 802 biga
823 736 851 782 et

167 831 198 884 ii,
210 822 237 867 et
248 806 326 887 bigo·
332 820 363 865 et
374 803 533 885 quadtigae3
547 803 595 865 sed
609 816 640 863 ut
653 816 694 863 eet
710 802 794 863 hu'us
806 824 851 863 or-

166 910 206 966 ta,
220 887 293 962 duee,
303 900 363 946 ‘tres
374 884 542 967 principium
554 905 616 945 una
628 909 636 945 τ
650 884 690 945 sio
701 826 797 945 inimo
808 904 854 943 or-

165 990 210 1029 ero
222 980 295 1043 uoto,
305 966 389 1040 hine,
400 966 489 1040 trinae,
501 964 668 1046 piinoipium
678 977 720 1024 est
728 984 853 1025 ueto.-

160 1048 245 1108 rtium
263 1066 348 1129 genus
364 1052 405 1105 'ost
423 1045 497 1105 illud
511 1043 628 1127 duplex,
645 1044 720 1125 quod
736 1044 810 1114 dixi,
823 1043 854 1103 in

141 1149 202 1188 ,res
213 1143 241 1187 et
253 1147 333 1189 voces
345 1125 472 1185 similiter
484 1125 659 1211 proportione
670 1123 812 1198 dicuntur,
822 1137 853 1182 ut

125 1230 156 1287 s,
170 1210 266 1268 maius
282 1231 289 1266 ε
306 1209 376 1265 boni
383 1250 392 1279 ,
406 1205 479 1264 mali
489 1229 502 1275 ;
511 1204 547 1264 de
558 1226 677 1284 quorum
690 1204 816 1284 analogia
827 1218 854 1264 et

123 1288 249 1369 tophenes
258 1300 285 1346 et
296 1285 345 1344 elii
357 1284 536 1365 scripserunt.
548 1286 657 1346 Etenim
670 1280 728 1345 haeo
737 1283 855 1363 denique

121 1382 184 1443 ecta,
200 1381 231 1426 ut
248 1366 277 1425 in
290 1365 413 1425 oratione
427 1362 483 1423 illae
499 1364 561 1424 duae
573 1365 713 1439 simplices
723 1363 854 1424 inchoato.

120 1446 197 1527 ogiae,
207 1445 242 1505 de
250 1445 353 1524 quihus
360 1458 450 1504 tomen
462 1443 607 1527 seperatim
614 1442 717 1521 dicam,
728 1442 805 1522 quod
812 1443 856 1503 his

118 1548 165 1605 {ue
172 1525 275 1585 utimur
289 1525 318 1584 in
328 1522 474 1604 loquendo.
598 1586 604 1599 ⁸

115 1609 148 1668 9.
163 1604 218 1667 Sed
236 1605 314 1685 prius
329 1604 364 1663 de
382 1603 510 1683 peifeote,
522 1603 552 1661 in
568 1624 623 1683 quo
638 1616 666 1662 et
680 1623 723 1663 res
735 1617 763 1663 et
775 1623 856 1665 voces

96 1685 175 1748 idam
187 1681 366 1744 similitudine
375 1682 566 1761 continentum
578 1684 677 1764 quojus
685 1704 783 1761 genera
793 1697 857 1743 sunt

83 1771 220 1842 io,unu1n
229 1760 408 1824 vernaculum
423 1783 455 1821 ao
466 1760 659 1837 dominatum,
673 1764 788 1823 altorum
803 1763 857 1823 ad·

71 1844 215 1918 eutitium,
228 1842 342 1901 tortium
358 1841 473 1901 nothum
487 1863 522 1902 ex
535 1842 680 1922 peregrino
691 1843 738 1903 hio
751 1856 861 1903 natum..

69 1924 247 1990 iemooulum
255 1936 295 1982 est
306 1935 336 1980 ot
345 1935 430 1981 sutor
438 1935 466 1980 et
478 1924 574 2000 pistor
581 1944 591 1999 3
603 1929 694 1982 sutori
705 1934 732 1981 et
743 1924 856 2003 pistori.

67 2003 250 2067 idventitium
262 2016 303 2060 est
315 2013 347 2059 itt
359 2004 516 2075 Hectores,
529 2002 686 2079 Nestore53
701 2003 855 2074 Hectoras,

65 2086 211 2145 Nestoras.
221 2081 347 2140 Tertium
357 2080 431 2139 illud
439 2080 554 2140 nothum
563 2095 594 2139 ut
607 2080 747 2141 Achiles
757 2095 785 2141 et
796 2082 860 2142 Pe·

63 2164 248 2225 tem-to.
274 2161 317 2221 Eo
332 2180 434 2240 -genere
458 2160 539 2220 multi
565 2173 680 2220 utuntur
700 2180 755 2221 non
777 2163 859 2223 modo
914 2194 917 2201 ·

58 2257 159 2326 poete,
171 2239 219 2301 sed
228 2240 310 2300 etiam
325 2239 450 2321 plerique
461 2260 493 2300 ao
504 2241 592 2321 primo
602 2240 700 2315 omnis,
710 2243 759 2319 qui
770 2243 859 2302 soluta

56 2325 180 2384 oratione
197 2321 356 2400 loquontur‚
372 2319 511 2397 dicebant,
528 2335 560 2379 ut
574 2334 745 2399 quaestorem,
759 2336 859 2402 piaeto·

58 2424 130 2480 rem,
145 2403 354 2483 sioffleotitrom,
366 2400 518 2463 Nestorem.
529 2400 624 2480 ltaque
635 2402 743 2463 Ennius
753 2401 791 2463 ait
803 2427 810 2460 ε

126 2527 262 2587 Hectoris
278 2538 380 2587 natum
394 2524 432 2585 de
444 2544 526 2585 muro
533 2514 688 2607 jaciarier.

63 2648 165 2711 Accius
175 2650 234 2709 hoec
244 2649 273 2709 in
283 2649 421 2730 teogoediis
431 2649 535 2729 largius
547 2672 562 2709 o
572 2650 662 2731 prisca
671 2651 865 2712 eonsuetudine

63 2750 175 2790 movere
188 2730 280 2810 coepit,
296 2743 324 2789 et
337 2729 373 2788 od
385 2730 486 2789 formas
497 2730 606 2791 Grecos
618 2731 765 2792 vorborum
779 2733 866 2811 magis

64 2828 205 2885 revocare,
219 2810 257 2871 *o
266 2809 463 2889 qroolerios
474 2810 513 2870 ait
524 2835 533 2869 ε

128 2932 408 2997 AcciusHectorem
416 2933 499 2996 nolet
498 2936 617 3017 jacere,
625 2936 756 2997 Hectora
765 2935 866 2997 malet.

69 3059 154 3135 Quod
166 3059 316 3126 adventitia
330 3061 460 3144 pleraque
476 3060 609 3124 habemus
624 3063 732 3141 Graeca,
746 3077 868 3124 secutum

731 3168 770 3227 16
