2250 3090
231 242 295 306 480
568 264 584 314 s

229 375 271 434 dae
299 397 396 454 causa,
478 380 520 442 vel
561 380 639 440 urbis
660 381 818 462 {condenda

228 455 333 518 fossura
373 457 453 520 rectis
492 459 642 535 lateribus,
725 463 772 523 uhi
811 485 835 525 ai

229 549 361 599 serantur.
395 538 513 599 Fulmen
555 559 685 618 queque,
765 564 820 622 qua

228 615 405 699 vestigium,
517 617 640 678 similiter
740 624 833 706 appell

227 695 302 830 pund
335 697 498 758 vocabulum
534 696 647 777 quidam
706 721 741 760 ex
821 704 835 765 (

238 786 342 848 ictum,
422 777 494 858 quia*
547 777 589 836 illi
673 777 765 840 dicant
823 787 835 844 ὃ

228 853 410 933 Ἱὸιιαειιω,
451 857 525 918 eolus
549 857 724 939 appellatur,
750 860 798 938 qui
831 873 835 921 1

227 934 366 995 stillicidio
410 936 518 998 fumoso
556 938 584 995 iu
628 939 786 999 vestimento

228 1013 340 1075 Plautus
363 1035 370 1075 ε
402 1015 474 1090 Quia
510 1014 560 1076 tibi
596 1036 675 1074 suaso
705 1017 819 1078 infecisti

228 1095 344 1171 pudiosa
379 1094 519 1176 pallulam.
600 1094 721 1170 Quidam
761 1111 835 1159 auteu

229 1188 296 1248 gunt
317 1173 346 1232 in
366 1189 470 1234 suaso'a
491 1194 540 1234 nee
558 1172 675 1249 desunt,
736 1176 784 1254 qui
799 1175 835 1236 die

229 1261 335 1312 omnem
358 1253 496 1323 colorem,
579 1251 627 1331 qui
667 1253 715 1312 fiat
746 1254 835 1316 insuia

228 1349 339 1391 suasum
368 1329 479 1405 vocari,
561 1331 636 1412 quod
673 1333 750 1412 quasi
811 1357 835 1416 p<

228 1409 353 1470 dauni-²·
391 1409 420 1470 in
446 1411 533 1471 alium
551 1430 587 1471 ex
611 1411 676 1472 albo
694 1413 817 1474 transire.

230 1487 370 1568 ffSaltum
390 1489 489 1552 Gallus
512 1491 605 1552 Aelius
625 1489 658 1550 L.
679 1493 716 1552 11.
779 1491 835 1573 Sig1

227 1570 357 1644 tionum,
428 1592 488 1650 quae
549 1568 585 1630 ad
642 1569 689 1649 jus
771 1572 835 1650 perti

228 1651 265 1710 ita
287 1648 384 1709 definit
412 1676 418 1710 :
530 1649 620 1711 Saltus
647 1662 704 1722 est,
767 1649 815 1708 ubi

227 1744 253 1789 et
275 1728 408 1810 pastiones
439 1744 525 1805 suut,¹
615 1747 729 1805 quarum
760 1749 835 1788 causa

228 1829 263 1868 sae
292 1828 410 1887 quoque.
439 1808 470 1868 si
488 1828 542 1886 qua
566 1806 698 1885 particula
740 1806 767 1864 in
809 1829 835 1868 ee

227 1901 277 1959 tu,
305 1898 444 1966 pastorum
524 1899 571 1945 aut
630 1882 772 1945 custodum
818 1907 834 1948 c

227 1978 333 2042 aratur,
376 1985 406 2025 ea
468 1987 510 2026 res
570 1984 625 2023 non
658 1964 772 2044 peremit
821 1986 835 2024 n

227 2043 332 2119 saltui,
395 2064 448 2105 non
481 2043 586 2124 magis,
646 2064 726 2121 quem
745 2043 822 2103 fundi

226 2138 265 2184 est
297 2123 324 2183 in
355 2146 419 2216 agro
453 2125 547 2199 culto,
610 2135 636 2182 et
670 2123 729 2202 ejus
752 2144 832 2182 causa

225 2206 271 2265 het
330 2203 500 2278 aeduficium,
567 2199 591 2259 si
672 2223 725 2280 qua
785 2223 835 2282 par

226 2285 254 2344 in
289 2304 320 2344 eo
354 2283 439 2345 habet
479 2281 587 2342 silvam.
690 2282 711 2358 ff
739 2283 835 2363 Supera

225 2363 359 2444 signifieat
419 2360 560 2442 supererit.
642 2360 776 2421 Ennius:

224 2442 335 2522 quidem
379 2462 449 2502 unus
488 2441 570 2502 homo
631 2441 795 2502 Romanus³

224 2523 383 2604 superescit.
446 2524 483 2583 Et
509 2514 604 2583 Acer⁴
633 2594 637 2601 ἱ
664 2521 693 2580 in
734 2519 835 2604 Chiysi

224 2602 299 2676 Quin
319 2601 410 2663 hina⁵
462 2599 629 2684 superescit,
671 2602 797 2683 Spartam

223 2733 288 2869 ’81ξί
300 2731 416 2799 capitale.
429 2732 637 2802 *persuadeatuu
652 2733 768 2784 ³Romae.
791 2733 802 2774 ⁴
815 2735 832 2782 Α

485 2878 683 2894 w
