2040 3420
377 459 406 536 ς.
432 457 625 517 msa-ue.
854 461 912 516 rra

105 611 174 671 que.
190 589 237 651 Sic
252 589 326 649 enim
336 589 423 649 omnis
434 588 634 680 repudiandum
647 588 699 649 erit
712 589 788 662 artis,
802 591 876 668 quud
887 608 914 652 et

105 672 140 739 in
153 669 289 729 medicina
298 682 325 728 ct
337 669 369 730 in
380 691 481 728 musica
496 669 562 728 etin
576 668 637 730 aliis
650 669 743 729 multis
757 669 912 751 discrepant

105 750 279 830 scriptores;
300 749 363 809 item
383 749 411 808 in
434 748 534 826 quibus
558 750 731 823 conveniunt,
755 749 912 831 *scriptis*

107 830 193 889 ctiam
206 828 354 910 repugnat*
362 843 456 888 namra
473 853 480 898 ;
496 828 570 904 quod
581 829 630 904 ita,
644 844 673 889 ut
682 829 795 902 dicitur,
810 832 912 891 nonsit

85 930 89 939 ·
106 931 165 985 ars,
182 909 229 969 sed
249 910 348 968 artifex
364 908 614 989 reprehendendus,
631 910 678 988 qui
696 909 776 970 debet
791 911 819 970 in
840 913 911 971 scri-

89 1007 92 1011 ’
107 988 200 1049 bendo
213 1008 267 1049 nou
282 989 383 1048 vidisse
396 1011 507 1060 verrun,
524 1010 576 1048 nun
594 989 655 1048 ideo
670 1010 723 1048 nou
738 1011 816 1070 posse
830 992 912 1052 scribi

107 1090 217 1129 verum.
231 1071 350 1130 -ttn
366 1068 421 1142 Qui
436 1068 502 1128 dicit
518 1068 571 1128 buc
591 1072 685 1128 monti
706 1083 733 1128 ct
753 1069 805 1129 hoc
816 1073 913 1162 sonti,

109 1169 175 1228 cum
186 1147 233 1207 alii
247 1146 338 1208 dicant
350 1147 402 1208 hoc
415 1162 510 1207 munte
523 1162 549 1207 et
563 1148 614 1208 boc
625 1151 720 1228 sonte,
734 1149 774 1213 sic
783 1149 838 1216 alm
853 1171 912 1227 quae

108 1222 219 1305 duabus
233 1227 322 1288 modis
339 1226 479 1300 dicuntur,
493 1249 554 1287 cum
567 1229 680 1287 alterum
695 1228 850 1305 situentur,
866 1231 911 1287 al-

110 1321 199 1379 terum
213 1307 311 1368 falsum
327 1335 333 1365 :
350 1328 404 1367 nun
424 1321 483 1366 uter
500 1322 591 1387 peccat
612 1308 683 1367 tollit
699 1307 845 1386 analogias,
863 1309 911 1369 sed

110 1400 170 1449 uter
182 1401 254 1447 recte
268 1386 349 1462 dicit,
364 1387 506 1446 confirmat
521 1411 528 1444 ε
544 1401 571 1447 et
584 1386 811 1466 quemadmodum
826 1389 848 1446 is
863 1391 911 1466 qui

108 1464 217 1549 *peccat
228 1467 255 1525 iu
266 1467 309 1526 his
318 1467 422 1544 verbis,
432 1467 480 1525 ubi
490 1466 598 1526 duobus
609 1466 696 1527 modis
707 1466 844 1543 dicuntur,
855 1489 909 1529 non

109 1546 181 1609 tollit
191 1547 334 1621 rationem,
347 1569 408 1607 cum
418 1547 539 1625 sequitur
553 1547 651 1606 salsum
664 1573 671 1606 ε
684 1547 723 1607 sic
734 1547 814 1607 etiam
825 1549 852 1607 in
865 1549 908 1608 bis

109 1647 170 1705 quae
189 1645 243 1685 non
261 1625 369 1686 duobus
387 1627 526 1702 dicuntur,
547 1629 570 1689 si
585 1629 647 1708 quis
663 1628 742 1687 aliter
760 1642 837 1708 putat
852 1626 909 1691 dici

108 1719 232 1786 oportere
245 1719 326 1785 atque
339 1720 454 1786 oportet,
468 1728 520 1768 uun
532 1708 670 1769 scientiam
685 1708 757 1768 tollit
771 1709 908 1785 orationis,

107 1784 157 1845 sed
169 1806 246 1846 suam
260 1786 429 1846 inscientiam
437 1785 567 1847 denudat.

151 1868 221 1930 llb.
239 1865 348 1940 Quibus
363 1868 444 1926 rebus
463 1867 534 1926 solvi
550 1865 743 1926 arbitraremur
754 1888 833 1947 posse
849 1890 908 1945 quae

107 1944 424 2037 dictasuutpriorilibro
434 1945 686 2026 coutraanalogiam
696 1959 726 2004 ut
735 1948 908 2027 potui‚brevi

107 2045 278 2106 percucurri.
291 2025 336 2084 Ex
344 2025 444 2104 quibus
454 2026 477 2085 si
485 2025 515 2085 id
525 2026 709 2100 confecissent,
719 2025 792 2103 quod
800 2027 908 2104 volunt,

109 2104 179 2165 utin
191 2103 285 2185 lingua
299 2105 394 2164 Latina
408 2119 476 2165 essct
486 2105 630 2180 anomalia,
648 2119 736 2165 tamen
748 2105 819 2165 nihil
835 2106 905 2186 egis-

107 2189 168 2245 sent
181 2183 254 2258 iden,
267 2183 342 2262 quod
356 2185 384 2243 in
402 2184 527 2245 omnibus
541 2186 664 2267 partibus
680 2184 776 2244 mundi
792 2201 908 2265 utraque

107 2278 206 2325 natura
218 2264 288 2324 inest
301 2288 309 2333 ;
321 2263 394 2342 quod
407 2265 459 2324 alia
471 2264 714 2338 intc1·sesimilia*‚
725 2265 778 2324 alia
791 2265 908 2326 dissimi-

106 2345 162 2404 lia*
179 2357 251 2403 sunt.
271 2342 349 2404 Sicut
372 2343 400 2402 in
423 2345 585 2405 animalibus
606 2344 750 2404 dissimilia
773 2359 854 2424 sunt,
877 2360 908 2406 ut

105 2445 203 2504 equus,
216 2424 277 2500 bos,
292 2423 363 2500 ovis,
377 2424 471 2496 homo,
488 2425 551 2484 item
568 2425 621 2483 alia
636 2449 645 2484 ε
661 2425 727 2483 etin
745 2446 908 2504 unoquoque

97 2506 207 2573 ,burum
220 2523 315 2584 genere
329 2505 402 2563 inter
416 2525 445 2563 se
457 2505 559 2565 similia
570 2505 786 2565 innumerabilia.
798 2507 866 2564 ltcm
877 2507 906 2563 in

105 2584 229 2665 piscibus
240 2583 382 2643 dissimilis
392 2597 487 2653 natura
498 2605 617 2644 muraena
631 2585 706 2666 lupo,
717 2585 740 2643 is
749 2585 838 2662 sulcae,
849 2584 907 2644 han

106 2684 235 2724 muraenae
248 2678 274 2723 et
290 2663 441 2741 mustellae,
456 2665 495 2723 sic
508 2663 588 2738 aliis,
604 2679 634 2723 ut
649 2665 735 2745 major
748 2663 795 2723 illc
809 2684 905 2722 nume·

106 2743 203 2805 cussit
218 2742 429 2803 similitudinum
443 2764 547 2808 earum,
564 2764 625 2823 quae
641 2756 704 2802 sunt
722 2743 866 2824 separatim
877 2742 907 2802 in

107 2822 246 2895 muraenis,
262 2824 406 2904 separatim
422 2822 449 2881 in
467 2823 568 2896 asellis,
581 2822 661 2883 sicin
676 2822 819 2903 generibus
832 2821 903 2883 aliis.

106 2936 149 2952 -
160 2904 228 2963 tte.
244 2905 334 2979 Quare
347 2925 409 2963 cum
424 2903 451 2962 in
464 2902 691 2963 declinationibus
700 2903 847 2963 verborum
856 2923 907 2961 nu-

109 3003 201 3043 merus
219 2984 254 3043 sit
270 3004 384 3064 magnus
398 3007 412 3042 a
431 2983 611 3043 dissimilibus
628 2981 719 3046 verbis
734 2996 819 3062 ortus,
832 2982 907 3063 quod
957 3033 960 3038 .
