2250 3090
323 80 392 129 truet
403 112 415 148 7
462 65 527 127 intle
567 66 667 147 vulgus
717 64 898 159 redamplavit
911 83 954 127 ¹..

321 144 639 227 .:Proaertreda²gratia.
649 146 740 209 Simul
750 156 786 218 ct]
796 144 878 207 videat
887 148 954 208 Grai

319 226 459 290 adioeriter
480 226 683 307 redamptruare
694 236 720 302 ³,
735 228 888 309 opibusque
911 248 951 286 sur

317 305 388 385 oqui.
409 304 581 385 ffRedivirtr
593 320 633 365 est
646 328 680 367 ex
690 320 795 367 vetusto
814 322 944 368 renovato

319 387 352 447 .1.
362 386 409 445 lin
417 388 507 451 Verre
519 411 527 446 ε
539 390 642 447 Utrum
653 386 812 446 existimatis
822 385 912 446 minus
922 410 946 466 op

328 486 413 525 unam
426 466 579 527 columnam
597 464 702 525 efficere
712 465 747 525 ab
760 466 863 543 integro
874 487 942 525 nova

315 542 398 627 apide
436 544 572 607 redivivo.
608 544 849 625 llledarguisse⁵
877 567 924 625 per

310 622 382 705 cipio
393 624 574 715 aphricanus,
584 624 661 685 Pauli
672 624 756 697 lilius,
765 622 866 685 dicitur
876 646 941 682 cnm·

308 700 374 762 idem
385 717 465 763 otiam
476 705 618 785 pertisum,
627 705 705 786 cujus
715 726 764 768 .m.
777 704 911 769 Lucilius,
923 730 936 763 t·

308 802 324 841 o
345 782 457 843 facetior
473 782 599 860 videare,
615 799 640 844 et
665 785 733 844 soire
757 784 822 865 plus
835 808 916 863 quarn

304 860 397 920 uisum
409 862 537 937 homine,
552 884 605 923 non
625 879 766 944 pertusum
785 864 874 923 dicore
889 867 934 922 lon

303 941 388 1000 nus&
402 941 636 1024 fflledimiculnm
654 957 750 1004 vocant
763 945 890 1003 mulieres¹
906 970 933 1001 ea

300 1040 343 1099 pua
360 1019 479 1081 maxime
499 1036 614 1080 utuntur
631 1036 742 1080 ornatus
764 1043 854 1081 cansa.
878 1027 894 1057 ⁸
914 1028 931 1079 tt

298 1098 379 1174 nitur,
387 1098 551 1180 quicausam
561 1100 638 1159 dicit:
645 1115 672 1159 et
679 1098 774 1178 iteqni
786 1101 853 1177 quid
862 1125 928 1180 pron

297 1199 348 1257 oe,
363 1201 395 1240 ac
406 1179 496 1240 dehet.
511 1186 547 1240 At
560 1179 660 1241 Gallus
670 1179 762 1240 AElius
776 1180 818 1238 Li.
835 1183 870 1239 ll.
893 1183 927 1254 sig

298 1279 344 1317 urn
360 1262 479 1319 verboru
491 1266 550 1338 q'nae
564 1259 599 1318 ad
615 1262 660 1341 jus
681 1261 831 1341 pertinent,
848 1263 882 1319 nit
900 1288 905 1319 :

296 1340 348 1416 iqui
362 1360 424 1398 oum
438 1339 522 1398 altero
542 1340 617 1399 litem
629 1354 800 1401 contestatam
815 1342 911 1414 liniret,

297 1418 329 1493 it,
341 1419 400 1478 sive
411 1440 474 1477 oum
485 1434 612 1478 eoactum
621 1435 670 1484 est.
685 1422 789 1499 fflleus
800 1423 832 1481 sti
836 1425 916 1502 purim

296 1497 307 1555 ,i
334 1497 478 1578 stipulator·
491 1499 613 1575 dicitnr;
628 1502 730 1582 quippo
749 1522 797 1559 suo
822 1505 920 1560 nomin·

296 1575 349 1628 til».
360 1579 687 1650 nonulatuuestnonhiso
698 1580 826 1659 quialtori
834 1583 912 1661 arlatip
