2250 3090
206 138 265 199 186
474 154 558 196 nnnnn
578 154 723 199 neuturus.

248 265 296 327 32.
319 262 389 321 Item
412 273 474 320 sunt
492 259 678 322 declinatuum
696 263 806 343 species
877 280 938 327 tuor
953 285 1004 345 quu

206 338 328 422 tempora
341 340 442 401 habent
459 340 517 401 sine
532 341 669 422 personis,
685 340 713 401 iu
731 363 819 424 rogan
842 367 871 422 o,
889 361 920 407 nt
930 347 1004 426 sodi-

209 427 312 482 tuune?
333 424 494 480 seriturne?
514 434 540 481 et
551 420 751 502 fodieturue?
773 425 956 486 sereturuel
972 427 1006 486 lc

205 498 387 591 respondendi
397 500 485 582 specie
495 499 594 563 eaedem
605 499 700 579 figurae
718 500 791 563 liunt
809 505 943 567 extremis
959 503 1006 585 syl-

206 581 279 642 labis
292 578 417 661 demptis.
434 579 556 661 Optandi
565 580 676 660 species,
687 594 717 640 ut
726 585 872 660 vivatur,
880 597 989 645 ametur
994 605 1006 656 ‚·

209 665 368 735 viveretur,
386 673 545 720 amaretur.
561 659 718 739 imperandi
732 660 897 725 declinatus
914 665 1006 738 sintne,

209 740 291 819 habet
302 737 497 801 dubitationem
504 763 513 818 5
528 753 554 800 et
567 759 661 798 eorum
674 739 743 800 sitne
754 740 815 803 haeo
828 744 904 804 ratio
913 767 923 824 3
931 762 1006 826 pure·

211 835 269 895 tur,
284 832 447 900 pugnetur5
459 824 572 899 parari,
587 822 725 900 pugnari.

250 904 302 961 55.
323 899 463 981 Accedunt
472 899 508 959 ad
520 899 570 959 has
580 898 681 979 species
694 921 710 958 a
721 900 833 981 copulis
843 901 1005 964 divisionum

212 978 362 1059 quadrinis,
372 980 407 1040 ab
418 979 508 1039 iniecti
520 992 548 1039 et
557 977 677 1059 perfecti,
686 999 763 1055 emo,
772 981 829 1040 edo
840 997 850 1056 ‘3
863 987 934 1053 emi,
945 983 1004 1042 edi:

212 1057 323 1119 asemel
336 1072 362 1118 et
375 1059 490 1142 saepius,
504 1073 536 1118 ut
551 1057 662 1131 scribo,
677 1057 755 1134 lego,
772 1065 955 1140 scriptitavi,
973 1060 1005 1119 la

214 1145 316 1200 etitari
335 1139 477 1199 :uniendi
497 1151 523 1198 et
541 1135 674 1218 patiendi,
688 1151 719 1197 ut
739 1158 807 1211 uro,
818 1160 919 1223 ungo;
934 1160 1004 1211 uror,

213 1238 306 1295 ungor
317 1240 326 1273 .·
337 1217 494 1299 asiugulari
502 1231 530 1278 et
539 1216 736 1296 multitudinis,
746 1230 780 1277 ut
790 1218 901 1295 laudo,
913 1220 1005 1300 ouipo;

215 1298 384 1373 laudamus,
396 1297 561 1378 culpamus.
574 1297 664 1376 Hujus
673 1296 779 1377 generis
788 1298 940 1360 verborum
947 1318 1004 1378 quo·

209 1380 259 1472 jus
272 1375 374 1459 species
383 1376 509 1469 exposui,
521 1397 603 1456 quam
614 1377 668 1436 late
696 1375 799 1456 uidque
815 1392 909 1459 pateat
918 1394 943 1440 et
952 1397 1005 1458 quo

211 1453 333 1538 jusmodi
356 1457 457 1517 efficiat
479 1456 597 1536 figuras,
615 1456 644 1516 in
666 1398 751 1529 llois,
764 1457 816 1535 qui
834 1456 890 1519 de‘
961 1454 1005 1516 ulis
1043 1450 1045 1475 ³

213 1538 362 1598 verborum
376 1551 466 1612 erunt,
477 1536 637 1616 diligentius
648 1533 820 1617 expedietur.

254 1621 306 1677 st.
327 1617 414 1677 Tertii
432 1617 546 1697 generis,
566 1637 627 1694 qnae
641 1613 815 1676 declinantur
828 1637 896 1677 oum
911 1631 1003 1709 tempu

214 1697 291 1757 ribus
306 1717 337 1756 ao
348 1695 474 1770 casibus,
491 1716 522 1755 ac
537 1709 667 1756 vocantur
683 1717 700 1755 a
713 1694 808 1777 multis
821 1695 887 1759 ideo
899 1694 1000 1780 μηκί-
1042 1740 1045 1751 .

215 1776 297 1857 palia,
310 1790 374 1836 suut
388 1775 440 1836 hoo
451 1796 494 1858 ge.
521 1819 530 1836 .
554 1818 562 1834 .

487 1900 549 1961 Hic
560 1900 663 1959 desunt
674 1901 733 1958 tn‘o
1042 1920 1045 1987 p

551 2001 647 2084 solia.
1042 1992 1044 2005 '

216 2107 254 2166 55
260 2147 396 2166 .....
416 2102 646 2185 quemadmodum
664 2101 851 2180 declinamus,
868 2107 1002 2186 quaerimus

216 2205 292 2245 casus
303 2190 373 2266 ojus,
386 2185 492 2246 etiamsi
501 2184 525 2244 is
536 2184 583 2263 qui
603 2183 684 2243 finxit
702 2197 779 2264 pocta
801 2185 917 2264 aliquod
934 2205 1002 2247 root-

215 2266 313 2326 bulum
322 2279 349 2326 et
361 2265 396 2325 ab
410 2286 441 2326 eo
450 2286 514 2326 casu
524 2263 582 2402 ipse
594 2263 710 2342 aliquem
729 2283 872 2345 perperam
891 2264 1001 2326 declina-

215 2345 264 2420 vit,
279 2345 371 2426 potius
382 2366 446 2406 eum
460 2366 539 2424 repre
559 2343 684 2403 eudimus
698 2363 780 2422 qnam
794 2346 945 2421 sequimur.
957 2340 1002 2420 Igi-

218 2439 263 2485 tut·
276 2425 345 2486 ratio
359 2446 440 2505 quam
456 2423 534 2501 dico,
549 2424 695 2501 utrobique,
711 2435 752 2482 ost
770 2436 798 2482 et
817 2427 845 2483 iu
866 2423 911 2485 his
924 2419 1002 2485 verbis

218 2526 279 2582 quae
298 2506 482 2586 imponuntur,
501 2502 566 2563 etin
586 2503 629 2563 his
649 2522 709 2581 quae
723 2500 909 2578 declinantur,
929 2519 1002 2579 usque

219 2603 275 2642 non
289 2587 367 2644 etiam
381 2584 458 2644 tertia
469 2582 516 2644 illa
526 2604 585 2663 quae
599 2605 633 2643 ox
643 2596 758 2660 utroque
767 2581 899 2642 miscetur
908 2597 999 2663 genere.

219 2694 261 2709 -
274 2664 324 2725 56.
340 2662 464 2737 Quarum
476 2684 644 2744 unaquaeque
658 2662 727 2724 ratio
743 2660 841 2723 colluto
853 2682 918 2723 oum
930 2659 1000 2720 aton
