2040 3420
329 597 356 633 C.
380 594 409 633 0.
434 594 598 634 nttJEnnEnt.
821 597 853 633 xt

54 707 220 789 explicatius
231 728 259 766 se
271 707 435 789 scripturum
448 706 594 787 pollicetur
604 731 612 780 ;
623 705 674 764 hoo
683 719 773 781 autem
783 705 855 767 libro

56 788 136 866 (vll,
150 790 213 862 56.)
227 802 301 847 vates
313 810 327 845 a
341 786 463 847 versibus
475 786 579 845 viendis
594 785 681 845 dictos
690 806 748 845 esse
754 800 855 847 memo-

55 882 118 941 rat,
137 867 220 946 idque
232 867 267 926 de
281 866 411 951 poematis
425 886 487 925 cum
500 865 615 937 scribat,
629 864 658 924 id
671 879 710 925 est
722 865 854 943 singulari

56 946 93 1007 de
106 948 179 1027 poesi
194 968 284 1028 opere,
300 968 328 1005 se
342 959 511 1006 ostensurum
532 964 588 1005 esse
602 945 746 1026 promittit.
761 948 856 1025 ltaque

57 1046 111 1087 non
130 1026 220 1087 solum
234 1026 389 1086 sententiam
402 1046 479 1085 suam
495 1023 529 1085 de
546 1037 636 1105 etymo
648 1046 676 1087 v.
694 1025 763 1084 vatis
777 1070 786 1101 ,
808 1026 855 1085 sed

56 1106 140 1167 etiarn
160 1106 304 1166 consilium
323 1127 403 1165 snum
416 1103 451 1164 de
463 1117 621 1185 argumento
635 1104 774 1165 tractando
786 1104 855 1164 inter

56 1185 232 1247 scribendum
245 1186 414 1257 muta'vcrat;
430 1199 530 1262 atquc,
547 1185 698 1262 quominus
709 1205 769 1264 qnae
778 1186 855 1265 prins

56 1266 109 1325 scri
130 1280 211 1340 serat,
227 1279 257 1324 ut
267 1265 392 1339 debebat,
402 1276 566 1338 retractaret,
580 1262 733 1344 prohibitus
743 1278 792 1326 est.

97 1288 191 1407 lilarro
205 1344 258 1403 alia
271 1345 409 1418 correxit,
423 1342 476 1401 alia
489 1364 547 1421 quae
561 1364 622 1400 cum
634 1342 690 1401 illis
701 1343 795 1402 intime
809 1364 855 1403 eo-

56 1424 160 1486 lroerent
172 1470 181 1501 ,
204 1444 258 1484 non
280 1438 396 1483 correcta
422 1422 541 1500 reliquit.
566 1422 700 1502 Exemplo
719 1435 781 1481 sunt
795 1425 856 1483 lasti

60 1504 192 1579 teraris,
215 1524 284 1582 quos
299 1503 358 1584 jam
380 1516 516 1563 ostensum
535 1515 589 1577 est,
608 1516 700 1563 contra
714 1504 856 1582 antiquum

60 1604 139 1645 usum
155 1584 293 1643 observari
308 1586 361 1657 Vl,
376 1586 427 1656 aa,
444 1603 496 1643 non
509 1583 648 1643 observari
661 1585 715 1657 Vl,
732 1586 779 1644 to.

96 1666 190 1727 Varro
201 1709 211 1741 ,
223 1685 287 1724 curn
302 1662 386 1723 libros
397 1684 460 1723 suos
472 1663 570 1743 passim
585 1664 633 1723 sed
646 1663 734 1724 obiter
747 1663 856 1725 etlesti-

54 1741 168 1803 nautius
182 1757 345 1816 retractaret,
359 1742 491 1803 nonnulla
501 1743 620 1817 addidit,
633 1764 693 1823 quae
707 1744 856 1883 drungarius

53 1823 167 1915 scriptis
180 1836 237 1882 arte
253 1823 419 1883 committere
431 1837 457 1881 et
471 1823 661 1882 commissuras
679 1824 754 1883 tereti
789 1824 864 1902 igito.

53 1902 186 1981 laevrgare
199 1903 300 1963 omisit.
327 1903 373 1963 Sic
396 1903 473 1973 vll,
490 1903 541 1961 60.
558 1922 573 1959 a
588 1903 713 1961 Varrone
735 1903 855 1983 primunr

52 1982 189 2063 scriptum
202 1996 275 2041 erat:
294 1985 330 2039 In
343 1984 523 2039 Mercatorer
541 2000 602 2037 non
611 1984 665 2039 tibi
675 1985 750 2039 istuc
764 1984 857 2059 magis

54 2060 218 2121 dividioe’st
236 2083 324 2140 qucum
335 2063 407 2119 milti
418 2062 505 2118 lindie
512 2062 605 2141 suit,·
619 2061 732 2119 dividia
751 2064 789 2118 ab
808 2063 856 2119 di-

53 2142 189 2201 ‘uideudo
198 2143 288 2213 dicta,
303 2141 384 2221 quod
395 2140 500 2199 divisio
511 2143 664 2198 distractio
673 2152 715 2199 est
724 2140 835 2199 doloris
842 2163 856 2213 ,·
875 2150 878 2157 “

54 2224 161 2301 itaque
186 2222 263 2280 idem
283 2220 328 2296 (id
345 2234 384 2279 est
398 2220 530 2294 Plautus)
555 2224 587 2278 in
602 2220 780 2280 Curculione
801 2225 854 2280 eit.

53 2302 152 2361 Postea
164 2314 226 2383 post
246 2321 355 2359 versum
378 2322 414 2359 ex
436 2303 585 2359 Mercatore
605 2299 769 2381 adscripsit:
790 2304 860 2360 Hoc-

54 2382 160 2441 ilidem
170 2394 197 2439 et
205 2384 238 2437 in
250 2376 417 2441 Corollaria
428 2382 560 2452 lloevius,
569 2400 624 2458 quo
634 2394 692 2440 tum
701 2402 787 2444 nexus
798 2402 857 2441 ver·

55 2454 105 2519 sias
128 2474 153 2518 et
171 2458 360 2540 explicationis
382 2459 604 2540 interrumpitur,
629 2474 698 2520 tum.
729 2482 856 2521 ronomen

58 2538 131 2599 idem
139 2562 153 2597 a
161 2538 286 2598 Plautino
299 2560 378 2598 versu
390 2539 543 2614 divellitur,
552 2554 679 2618 tanquam
687 2483 856 2601 adNaevium

56 2618 229 2679 referendum
244 2633 311 2677 essct
323 2642 329 2680 :
343 2640 425 2697 quarn
435 2625 590 2698 juncturam
603 2620 700 2679 misere
710 2620 785 2679 hiare
795 2620 857 2698 qtris

56 2697 171 2758 diffiteri
182 2698 501 2779 possitllljusdemmodi
510 2720 587 2758 exem
609 2700 666 2759 lum
677 2701 790 2761 estVll.
808 2701 860 2759 5⁴.-

101 2781 191 2839 Varro
203 2777 265 2837 lihri
277 2778 319 2837 sui
333 2778 449 2857 margini
463 2778 548 2838 multa
562 2720 758 2859 adieripserat,
768 2794 856 2860 postea

58 2859 119 2938 ipse
132 2880 163 2919 ea
177 2878 230 2917 non
244 2857 303 2918 sinc
324 2858 470 2918 mutatione
482 2859 629 2918 verborum
640 2878 705 2917 enm
717 2859 855 2918 sententiis

58 2950 123 2997 ante
133 2937 241 3018 scriptis
252 2937 404 3012 vinctnrus,
417 2958 477 3016 quae
491 2937 588 2996 deinde
601 2938 720 3018 imperiti
733 2938 858 3009 librarii,

58 3017 110 3095 qui
128 3038 163 3076 ne
176 3017 259 3076 multa
280 3016 467 3095 indiligentius
488 3019 631 3094 efferrent,
646 3018 698 3079 ille
714 3019 773 3103 iam
790 3018 863 3078 inter

47 3094 224 3151 scribendum
233 3109 369 3156 metuerat
384 3105 398 3177 (
402 3101 455 3163 l'll
459 3104 488 3181 l,
505 3104 540 3165 st
552 3110 588 3183 ,),
599 3125 718 3188 quoquo
730 3101 820 3164 inodo
831 3120 885 3181 uo-
