2250 3090
191 162 251 220 190
462 178 548 218 nnana
569 178 713 219 uncinus.

230 287 278 348 st.
289 281 342 344 Sed
352 280 481 360 qnoniam
491 280 598 341 duobus
610 279 699 340 modis
711 281 869 363 imponitur
879 282 989 344 vocabu·

189 364 248 423 lum
267 376 315 421 aut
330 379 360 420 re
376 361 509 440 singulari
526 374 574 420 aut
593 359 783 439 multitudine,
806 363 944 444 singulari
964 378 992 422 ut

189 446 277 514 cicer,
292 438 475 500 multitudinis
488 455 519 501 ut
533 440 624 500 scala
640 467 647 514 ;
662 462 711 501 nee
725 440 847 503 dubium
863 458 917 519 est,
928 443 992 523 quin

189 523 257 582 ordo
270 520 465 591 declinatum,
481 520 510 579 in
542 541 578 579 nu
592 542 633 580 res
646 521 800 601 singulares
811 522 992 583 declinabun-

190 601 319 672 maselan,
331 601 366 659 ab
374 598 506 679 singulari
518 542 610 677 diique
621 621 684 660 casu
694 602 901 683 proficiscatur,
913 617 944 663 ut
953 607 992 663 ei·

190 703 253 754 uer,-
265 685 364 751 ciceri‚
382 682 502 750 ci'eert's;
523 681 588 740 itam
605 695 700 740 contra
716 681 745 740 in
764 703 798 742 eo
815 683 929 756 ordine,
947 683 992 763 qu·

189 759 373 825 multitudinis
390 760 442 819 erit
459 760 558 836 solum,
575 761 644 839 quin
664 760 887 823 arnnltitudinis
903 763 991 857 aliguu

189 862 255 901 casu
265 840 351 901 ordiri
361 841 510 914 conveniat,
521 854 551 901 ut
561 842 664 915 scatae,
672 842 772 914 scalis,
783 842 887 902 scalen
901 842 993 902 :alind

189 920 339 982 videndum
349 933 400 993 est,
413 940 494 998 quom
505 920 610 1001 duplex
618 922 861 1002 naturacupnlata,
871 944 905 982 aa
913 920 992 982 deeli-

189 1015 303 1060 aatuum
316 999 375 1061 bini
386 1000 452 1058 fiant
464 999 583 1079 ordines,
597 1013 678 1061 uteat
689 1020 762 1078 mas,
777 1002 908 1076 maras*‚
922 1000 992 1061 unde

174 1093 247 1147 ¹tum
260 1081 328 1141 ratio
340 1079 469 1160 analogiae
480 1079 576 1141 debeat
588 1080 687 1156 ordiri,
703 1093 797 1140 nitriam
809 1080 848 1139 ab
858 1080 992 1162 singulari

190 1180 218 1219 re
231 1159 486 1237 simulitudinem,
505 1181 538 1219 an
550 1173 643 1221 contra
656 1164 670 1223 i
682 1194 723 1207 -
736 1161 784 1220 55.
798 1161 899 1240 Neque
909 1162 990 1236 enirn,

189 1239 212 1297 si
225 1251 321 1298 natura
335 1239 371 1299 ab
383 1259 438 1298 uno
451 1241 486 1298 ad
499 1239 556 1299 duo
571 1239 705 1323 pervenit,
718 1239 823 1299 ideirco
835 1259 895 1301 non
906 1254 992 1324 potest

119 1352 123 1357 -
189 1319 374 1399 amplius-esse
384 1318 545 1379 inducendo
553 1320 697 1401 posterius,
708 1333 739 1380 ut
747 1319 813 1379 inde
821 1319 950 1402 incipias,
962 1320 992 1380 ut

185 1397 258 1478 ‚quid
274 1397 309 1456 sit
329 1398 417 1480 prius,
435 1399 571 1463 ostendas.
586 1402 681 1480 ltaque
695 1410 721 1458 et
733 1399 775 1466 hi,
791 1398 840 1478 qui
860 1400 899 1462 da
918 1399 992 1461 omui

189 1492 287 1543 natiara
295 1477 436 1560 disputant
447 1492 528 1559 atque
539 1479 601 1539 ideo
615 1493 748 1541 vocantur
762 1478 890 1561 physici,
903 1496 990 1540 umen

189 1579 224 1617 ex
235 1558 280 1618 his
296 1558 331 1618 ab
345 1559 471 1621 universa
486 1573 581 1619 natura
594 1559 721 1641 -praleeti,
739 1572 812 1620 retro
830 1581 894 1638 quaa
906 1571 992 1619 essent

189 1638 324 1718 principia
341 1638 449 1716 mundi,
468 1638 734 1699 ostendunt..0rati0
752 1659 835 1717 quom
854 1662 891 1700 ex
906 1639 990 1698 literis

189 1731 302 1792 cunstat,
319 1731 409 1778 tamen
424 1740 483 1779 earn
500 1718 667 1798 grammatici
685 1717 720 1777 de
735 1719 846 1796 literirl
862 1718 990 1780 ostende-

189 1811 261 1856 runt.
272 1830 313 1844 -·
325 1798 372 1858 56.
384 1800 475 1874 Quare
486 1798 514 1857 in
526 1796 747 1874 demonstrando,
756 1799 887 1876 quoniam
899 1797 990 1880 petius

188 1877 325 1958 proficisci
336 1891 441 1959 oportet
451 1879 527 1938 abeo
541 1877 747 1959 quudapertius
755 1890 807 1950 est,
819 1900 905 1957 quam
915 1878 950 1937 ab
958 1896 990 1937 en

189 1957 261 2034 quod
280 1958 357 2039 prius
381 1972 431 2038 est,
449 1971 475 2018 et
497 1961 588 2038 potius
608 1958 647 2018 ab
661 1957 821 2039 incorrupto
839 1958 987 2039 principio,

190 2038 286 2115 *quam
301 2080 310 2096 .
330 2083 336 2096 .
355 2081 362 2097 .
380 2084 387 2097 .
407 2084 415 2112 ,
431 2052 457 2098 et
471 2039 574 2119 potius*
589 2038 624 2098 ab
636 2051 730 2098 natura
745 2059 848 2113 rerum,
861 2036 989 2116 quamab

188 2115 312 2177 lubidine
322 2117 476 2191 hominnm,
488 2131 515 2176 et
531 2118 589 2178 haee
604 2121 665 2190 tria,
680 2138 739 2196 quae
753 2116 890 2196 sequenda
905 2117 988 2194 magis

188 2211 259 2272 sum,
271 2198 361 2257 minus
374 2211 438 2258 sunt
451 2198 480 2257 in
492 2197 676 2278 singularibus
690 2219 772 2276 quam
787 2197 815 2256 in
828 2196 987 2257 multitudi-

188 2301 241 2353 ne3
258 2278 449 2355 †commudius
462 2290 549 2359 potest
561 2277 657 2351 ordiri,
667 2277 741 2356 quud
750 2277 778 2336 in
787 2277 833 2336 his
863 2276 987 2357 rincipiis

188 2359 278 2417 minus
292 2359 420 2418 orationis
433 2357 525 2418 verbis
538 2356 670 2437 fingendis
684 2356 833 2418 verborum
842 2299 934 2416 iorma
946 2356 987 2415 la-

188 2438 290 2517 eilius†
304 2439 453 2517 singularia
463 2437 549 2500 videri
564 2458 651 2518 posse,
664 2458 747 2515 quam
756 2457 791 2496 ex
802 2435 985 2517 singularibus

189 2519 382 2591 multitudinis,
403 2519 460 2578 liaec
475 2517 619 2578 ostendunt
635 2542 642 2575 ε
658 2521 755 2576 trabes
771 2519 852 2576 trabs
861 2538 872 2592 3
887 2516 982 2587 duces,

188 2599 258 2655 atrax.
272 2633 310 2648 -
320 2601 369 2659 57.
381 2599 514 2661 Videmus
525 2598 607 2669 enim,
620 2618 654 2656 ex
665 2596 708 2656 his
718 2596 811 2659 verbis
822 2596 923 2665 trabes,
934 2592 983 2653 du-

124 2716 126 2720 .
161 2694 230 2734 aces
243 2678 278 2739 de
292 2692 409 2740 extrema
421 2678 526 2761 syllaba
537 2679 564 2740 F.
574 2677 677 2739 literam
687 2677 872 2762 exelusarn70t
885 2674 946 2736 ideo
956 2673 979 2733 in
