2250 3090
91 2840 141 2914 h

190 162 230 219 56
464 176 551 214 ursas
571 176 715 226 curuans.

190 282 346 357 simpulum
357 279 541 339 nominarunt.
553 282 584 338 ln
595 278 708 359 hujusce
717 282 810 343 locum
820 282 848 342 in
857 279 967 371 conuiuiis

190 386 204 421 e
217 361 323 452 Gracia
336 361 463 420 successit
477 359 614 496 llichf⁵⁵⁵
625 374 651 419 et
661 362 794 442 cyathus3
810 364 840 422 in
853 360 968 423 auium

191 454 317 501 remansit
327 453 419 519 guttus
430 453 455 498 et
467 460 555 518 simpu
570 461 624 498 um.
909 496 912 501 .

230 523 300 582 l25.
322 519 413 580 Altera
429 519 536 578 vasaria
553 539 642 578 mensa
660 533 717 578 erat
735 520 844 602 lapidea
860 520 971 602 quadrua

191 601 316 675 oblonga,
330 618 385 657 una
393 592 536 657 columella
550 623 556 655 ε
570 599 718 658 vacabatur
727 604 915 664 cartibuium.
924 603 973 663 llam

191 683 219 740 iu
231 679 336 739 aedibus
348 678 383 736 ad
396 678 582 760 compluvium
596 678 671 758 apud
679 680 781 739 multos
794 703 838 742 mc
847 703 928 765 puero
936 700 973 760 po·

192 761 306 820 uebatur
318 772 344 817 et
357 759 385 816 iu
401 779 429 817 ea
443 771 542 817 etcum
556 779 585 815 ea
597 778 667 817 aeuea
680 780 753 822 vasa.
771 765 792 819 Α
804 761 919 842 gerendo
926 780 973 821 car·

193 841 291 911 ubam,
306 838 379 896 uude
392 837 557 897 cartibulum
572 851 634 918 post
646 837 759 898 dictum.

208 986 211 991 .
232 921 302 979 mu.
324 920 452 977 Praeterea
470 931 526 976 erat
542 915 651 976 tertium
670 939 755 996 genus
771 941 871 981 mensae
884 934 973 999 etqu-

191 1000 274 1059 dratae
288 1018 426 1068 vasorum,
440 1011 565 1057 vocaturn
578 1001 741 1071 armarium,
749 1000 825 1078 quod
836 1021 916 1060 urnas
928 1016 974 1058 cua

193 1101 262 1158 aqua
280 1077 379 1159 positas
395 1077 435 1135 ibi
449 1077 619 1157 potissimum
636 1077 771 1137 habebant
787 1079 816 1138 in
834 1074 974 1155 cultuum

193 1179 225 1217 eo
243 1159 324 1218 etiam
342 1176 414 1215 nunc
429 1170 490 1215 ante
502 1156 638 1216 balineum
655 1156 732 1216 locus
751 1159 799 1218 nbi
815 1161 882 1240 poni
893 1156 974 1219 sclelnl

195 1237 337 1296 aunarium
349 1248 472 1294 vocatur.
485 1236 573 1295 Urna
583 1236 670 1311 dicta,
681 1235 755 1315 quod
767 1240 879 1299 urinant
889 1239 974 1317 iniq!

194 1315 345 1375 haurienda
357 1327 387 1373 ut
401 1313 531 1374 minator.
553 1317 677 1375 Urinare
687 1329 729 1375 est
743 1318 831 1399 mergi
843 1318 872 1378 iu
885 1334 973 1398 aquam

196 1397 316 1455 4127.
329 1397 500 1454 Imburvom
510 1395 603 1455 lictum
615 1397 650 1455 ab
663 1416 744 1473 urvo,
759 1397 834 1476 qued
843 1398 882 1458 ita
891 1398 970 1458 flexu

196 1489 226 1535 ut
235 1476 326 1536 redeat
337 1496 445 1534 sursum
455 1495 566 1552 vorsus5
582 1476 648 1534 utin
659 1489 747 1534 aratro
755 1476 832 1555 quod
840 1490 970 1538 esturru

197 1555 286 1616 Calix
299 1577 314 1614 a
326 1553 419 1630 caldo,
436 1553 510 1632 quod
523 1554 551 1612 in
564 1576 596 1613 co
610 1554 687 1615 calda
698 1556 763 1635 puls
776 1556 974 1637 apponebam

195 1637 306 1696 caldum
322 1655 354 1693 co
372 1633 513 1693 bibebant.
527 1636 585 1695 Vas
601 1634 648 1706 ubi
663 1635 813 1713 coquebant
830 1637 923 1695 cibum
929 1626 974 1713 ‚lt

196 1739 228 1778 ea
241 1717 401 1776 caccabum
413 1714 594 1794 appellarunt.
610 1714 687 1774 Veru
700 1736 716 1774 a
728 1716 872 1775 versando.

239 1797 307 1858 198.
323 1794 366 1854 Ab
377 1792 495 1853 sedendo
505 1794 645 1874 a-ppcllatae
657 1796 751 1865 sedes,
763 1795 867 1871 sedile,
878 1794 974 1855 sotim

197 1876 289 1947 seila,
309 1876 527 1954 seliquastrum.
547 1873 649 1933 Deinde
659 1875 694 1933 ab
705 1872 749 1932 his
760 1876 974 1935 subsellium

195 1956 336 2036 subsipere
348 1952 424 2031 quod
441 1974 495 2012 non
511 1953 591 2033 plane
606 1952 691 2033 sapit,
707 1954 746 2013 sic
759 1954 835 2032 quod
850 1975 901 2014 non
909 1949 974 2091 w

196 2034 333 2107 musella,
343 2032 514 2092 subsellium.
525 2033 582 2092 Ubi
593 2032 620 2091 in
632 2032 839 2114 ejusmodiduo,
850 2037 909 2094 bisc
934 2032 939 2045 ’
968 2058 974 2076 ·

196 2116 310 2175 dictum.
333 2113 433 2185 Arca,
449 2112 524 2190 quod
544 2127 686 2172 arceantur
700 2114 774 2173 fures
789 2115 825 2172 ab
845 2136 876 2173 ca
892 2112 964 2171 claua

197 2197 372 2269 Armarium
392 2207 418 2252 et
437 2197 696 2252 armamentarium
711 2193 747 2251 ab
762 2192 857 2253 eedem
873 2188 960 2270 ougint

195 2276 243 2335 sed
256 2273 391 2334 declinata
404 2272 492 2332 aliter.
836 2316 839 2321 -

237 2356 305 2414 tau.
326 2354 459 2411 Mundus
478 2353 627 2412 muliebris
646 2352 763 2412 dictusa
778 2351 917 2412 munditia.
934 2342 974 2402 0?

197 2447 285 2494 natus
293 2432 374 2512 'quasi
385 2432 476 2491 abore
488 2446 576 2509 natus,
586 2432 649 2492 hinc
659 2432 730 2491 enim
741 2453 870 2492 maxume
879 2434 974 2490 suuullss

196 2512 272 2589 quod
281 2534 341 2572 eam
350 2510 451 2571 deceat.
465 2513 560 2590 ltaque
570 2512 606 2571 ob
616 2512 645 2571 id
656 2526 765 2594 paratur
774 2512 920 2594 speculum.
929 2502 964 2563 Ca

197 2590 374 2666 leniturum,
387 2589 461 2669 quod
472 2590 516 2650 his
529 2591 662 2652 calefactis
675 2592 703 2651 in
717 2593 808 2653 cincre
821 2590 928 2673 capillus
936 2597 974 2640 οἳ·

195 2684 284 2731 natur.
304 2671 362 2746 Qui
382 2692 412 2732 ea
430 2671 614 2748 ministrabat,
633 2695 649 2732 a
666 2671 755 2735 cincre
772 2672 928 2735 cinerarius
940 2672 974 2717 ὗ
