2250 3090
162 166 221 225 tto
456 182 540 239 μω
562 180 669 220 nonus.

160 296 242 355 beant
255 306 385 373 tempora,
393 306 482 352 temns
495 311 622 373 personas
635 314 642 348 :
655 310 712 351 non
723 291 846 355 habeant
857 292 959 356 totidem

161 374 308 435 verborum
323 372 471 432 divisiones
487 398 494 431 ε
509 393 593 451 quare
605 392 666 431 cum
678 370 863 455 imperamus,
874 388 960 435 natura

161 452 237 532 quod
256 452 352 511 infecta
366 452 451 512 verba
463 451 552 513 solum
566 450 655 527 habet,
672 471 738 510 cum
758 467 787 513 et
806 454 961 535 prasentia

162 533 264 592 absenti
284 534 461 612 imperamus,
477 531 547 591 fiunt
560 545 645 602 terna,
666 545 697 590 nt
714 534 793 609 lege,
807 535 909 611 tegito,
924 535 960 592 le-

161 625 214 703 gat
229 639 236 685 ;
249 612 396 693 perfectum
404 613 476 671 enim
490 611 603 691 imperat
612 631 691 671 nemo
705 636 713 671 ε
727 627 960 693 contraqutcsnnt

162 691 325 765 indicandit,
344 705 372 751 nt
390 691 466 774 lego,
484 692 567 768 legis,
581 691 661 767 legit,
674 712 782 752 novena
800 694 873 754 fiunt
885 694 959 756 verba

165 772 267 847 infecti,
283 792 387 831 novena
398 773 517 852 perfecti.
533 803 574 819 -
587 773 655 831 102.
667 771 805 846 Quocirca
817 794 875 833 non
885 773 908 834 si
920 793 959 853 ge-

163 850 286 912 nuscum
297 872 392 932 geuene
404 851 548 942 discrepat,
559 848 644 911 sed'iu
656 871 705 910 suo
717 852 878 932 quujusque
890 873 959 933 gene·

133 978 137 983 .
163 954 192 992 re
201 934 223 992 si
234 933 301 1011 quid
310 931 395 1003 deest,
408 931 611 1011 requirendum.
623 930 667 990 Ad
676 930 734 990 haec
744 931 843 991 addita
854 934 880 992 si
888 945 958 992 erunt

160 1034 194 1072 ea
208 1034 267 1092 quae
276 1011 311 1071 dc
324 1011 597 1092 nominatibussupra
608 1023 671 1070 suut
684 1010 770 1084 dicta,
784 1013 895 1073 facilius
907 1033 957 1072 om·

163 1094 207 1151 nia
218 1093 366 1152 solventur.
379 1093 448 1154 Nam
461 1105 491 1150 ut
500 1090 560 1150 ittic
572 1090 675 1151 externi
684 1110 714 1150 ca
735 1104 869 1153 utrectus
879 1112 958 1165 casus,

161 1170 202 1231 sic
217 1172 262 1231 hic
272 1172 299 1230 in
309 1171 394 1230 sorma
404 1185 444 1230 est
476 1191 571 1229 ersona
584 1172 643 1252 ejns
658 1172 705 1248 qui
715 1112 853 1248 ioquitur,
866 1185 892 1232 et
901 1184 958 1231 tem·

161 1270 352 1388 qusqtraesens,
365 1193 506 1326 insertio,
519 1250 590 1330 lego.
607 1283 646 1297 -
661 1252 731 1310 tot.
751 1252 848 1326 Quare
865 1265 895 1311 ut
905 1250 958 1311 illic

184 1343 203 1402 t,
219 1351 243 1390 s1
256 1329 302 1388 hic
313 1329 379 1390 item
392 1328 561 1391 cecideritin
574 1329 701 1400 turmula,
713 1343 743 1388 ut
757 1343 807 1403 aut
815 1344 900 1412 caput
911 1351 959 1390 non

160 1408 208 1483 sit,
221 1422 269 1469 aut
279 1431 314 1478 en
322 1409 412 1469 alieno
425 1430 520 1489 genere
533 1408 568 1468 sit
575 1410 752 1500 pnoportione
764 1433 772 1469 :
786 1407 894 1487 eadem,
905 1410 958 1486 quc

162 1488 220 1549 illic
233 1489 365 1565 diximus,
378 1510 448 1569 quur
461 1485 659 1549 nihilhonnnus
674 1501 800 1548 servetur
813 1489 957 1569 analogia3

162 1570 240 1647 item,
253 1570 323 1630 sicut
340 1570 409 1646 illic,
425 1583 506 1650 caput
523 1590 604 1629 suum
617 1567 739 1644 habebit,
759 1582 788 1627 ct
800 1569 829 1628 in
845 1569 960 1648 obliquis

163 1650 270 1710 casibus
286 1650 408 1709 transitio
422 1652 474 1708 erit
489 1649 517 1706 in
533 1647 614 1707 aliam
628 1647 726 1727 quam*
739 1647 959 1728 formulamque

103 1728 107 1735 '
163 1743 310 1810 assumpta,
329 1730 433 1808 reliqua
448 1728 555 1788 facilius
571 1729 675 1808 possint
688 1726 777 1787 videri
792 1728 879 1788 verba
894 1727 959 1789 unde

69 2798 129 2883 *n

163 1808 219 1867 sint
238 1810 391 1885 declinata;
411 1809 442 1867 snt
458 1807 542 1877 enim,
559 1821 588 1866 ut
606 1820 696 1866 rcctns
714 1826 914 1886 nonnunquam
931 1806 960 1867 sit

163 1890 319 1969 ambiguus,
334 1903 365 1949 ut
378 1889 405 1948 in
421 1889 473 1948 boc
485 1888 568 1949 verbo
581 1888 665 1957 volu,
677 1886 751 1965 quod
764 1885 796 1945 id
805 1886 861 1947 duo
875 1887 959 1968 siqni-

163 1966 236 2043 ficas,
253 1990 338 2028 unum
351 1991 366 2028 a
381 1969 528 2039 voluntate,
539 1967 681 2026 alterumn
697 1965 825 2026 volando.
840 1968 958 2050 ltaquea

160 2047 227 2109 volo
240 2048 422 2128 intellegimus
432 2061 458 2106 et
473 2048 565 2108 volare
574 2059 602 2104 et
614 2045 697 2109 velle.

205 2129 274 2188 tot.
291 2126 412 2203 Quidam
421 2125 633 2208 reprehendunt,
647 2124 723 2204 quod
731 2126 843 2207 pluitct
856 2127 914 2186 luit
921 2125 958 2185 di·

163 2230 256 2269 comus
268 2207 295 2267 in
307 2208 474 2289 praeteritoet
484 2205 608 2288 praesenti
619 2218 751 2287 tompore,
762 2227 825 2265 cum
833 2205 958 2286 analogia

164 2290 206 2349 sui
225 2288 376 2368 quujusque
388 2288 518 2369 temporis
532 2285 616 2348 verba
633 2284 747 2345 debeant
760 2285 954 2346 discriminare.

164 2368 328 2445 Fallnutur5
343 2390 403 2428 nam
418 2383 457 2428 est
471 2388 502 2426 ac
516 2380 611 2447 putant
624 2365 712 2434 alitor,
725 2364 800 2444 quod
810 2365 839 2424 in
849 2379 955 2447 practor-

161 2449 244 2510 itisU
257 2448 373 2509 dicimus
383 2449 506 2528 longum,
518 2447 607 2528 pluit,
618 2444 674 2506 tuit
683 2469 692 2519 3
701 2445 729 2504 in
743 2446 868 2525 praesenn'
880 2445 956 2504 nove

164 2526 251 2608 ptuit,
270 2527 326 2590 titis
342 2553 350 2600 ;
366 2529 480 2606 ideoque
493 2527 521 2586 iu
535 2524 708 2589 Venditiouis
724 2526 784 2605 lege
795 2523 876 2584 fundi
894 2535 954 2584 ruta

165 2629 245 2669 coesu
257 2609 293 2669 ita
306 2609 432 2685 dicimus,
446 2621 477 2666 ut
489 2609 517 2668 U
549 2605 722 2667 roducamus.

208 2687 278 2757 105.
302 2692 369 2750 Item
391 2630 590 2770 reprehendunt
611 2686 734 2767 quidam,
762 2686 837 2765 quod
863 2693 949 2766 putant
