2040 3420
120 221 160 278 22
397 234 484 274 uinea
505 232 649 285 Quirinus.

121 351 206 408 Mars
216 347 252 406 ab
264 367 305 422 eo,
315 345 390 425 quod
400 345 522 405 maribus
535 345 563 405 in
571 345 651 406 bello
662 359 777 427 praest,
791 358 841 407 ant
849 344 916 423 qnod

120 428 155 487 ah
166 426 274 489 Sabinis
283 440 418 507 aooaptus,
428 425 468 486 ibi
477 439 518 486 est
528 428 659 487 Mamers.
673 427 821 505 Quirinus
830 448 847 486 a
856 425 917 502 Qui·

119 507 228 568 ritibus.
245 508 353 569 Virtus
366 506 459 565 utviri
469 505 537 565 visa
550 505 691 565 virilitate.
705 508 816 567 Honos
825 506 861 568 ab
871 508 917 567 ito·

120 607 191 647 uere
202 586 261 647 sive
271 607 366 658 onere,
382 586 472 665 itaque
484 587 640 645 honestum
653 585 761 647 dicitur
774 586 852 668 qnod
862 606 919 647 otte·

120 665 393 743 ratum,etdiotn1n:
701 696 704 703 ·

163 791 242 850 Onus
254 802 298 849 est
310 791 402 849 bonos
415 795 467 872 qia·
480 791 603 849 sustinet
616 790 845 870 rempublicam.
903 838 909 849 .

124 913 252 975 Castoris
270 933 366 973 nomen
381 915 519 973 Granum.
529 912 659 973 Pollucis
673 935 688 972 a
703 913 813 975 Gracia
827 934 917 975 notant

121 991 196 1072 quod
208 1007 247 1053 est
260 994 285 1071 *,
299 993 326 1053 in
340 994 442 1053 Latinis
455 993 540 1053 litatis
553 993 692 1053 veteribus
704 992 882 1071 inscribitur,
892 1008 918 1055 nt

122 1071 307 1145 Πολυδεύκης,
325 1074 458 1144 Polluces,
474 1094 527 1132 non
540 1086 571 1132 ut
583 1093 655 1131 nunc
668 1071 783 1132 Pollux.
801 1074 917 1137 conam
958 1100 960 1125 τ

122 1154 173 1211 dia
185 1174 202 1210 a
214 1152 296 1212 corde
306 1166 478 1232 congruente
491 1186 532 1199 -
542 1155 592 1213 ii.
608 1155 751 1222 Feronia,
767 1154 918 1225 Minerva,

121 1233 300 1291 Nouensides
310 1253 324 1290 a
336 1232 454 1296 Sabinis.
463 1232 548 1293 Panlo
558 1233 636 1291 aliter
645 1231 680 1290 ab
689 1230 793 1291 eisdoni
802 1231 918 1295 dicimo

119 1311 288 1384 Herculem,
299 1313 428 1390 Vestam,
439 1312 582 1386 Salutem,
594 1315 775 1386 Fortunam,
786 1315 917 1383 Fortem,

120 1390 235 1450 Fidem.
249 1389 285 1450 Et
293 1412 345 1451 orae
356 1392 488 1452 Sabinum
499 1392 618 1473 linguam
630 1391 704 1451 olent
713 1392 843 1468 quaTati
853 1392 919 1475 regit
955 1386 960 1473 1

118 1483 182 1530 voto
195 1484 258 1531 nunt
272 1474 365 1531 Roma
382 1470 524 1552 dedicatam
543 1492 604 1531 nam
622 1485 653 1531 ut
668 1472 787 1531 Annales
803 1470 919 1545 dieunt,

37 1578 41 1584 ·
119 1551 196 1611 vovit
214 1554 279 1632 Opi,
290 1553 409 1625 Plora,
425 1553 527 1628 Vedio,
542 1554 614 1612 Jovi
630 1552 830 1632 Saturnoque,
845 1553 918 1627 Soli,

120 1632 221 1707 Luna,
244 1633 377 1695 Volcano
396 1645 423 1691 et
443 1632 602 1692 Summano
620 1634 737 1709 itemque
758 1633 920 1705 Larunda,

125 1712 273 1786 Termino,
296 1712 434 1791 Quirino,
453 1709 630 1784 Vortumno,
647 1713 787 1784 Laribus,
811 1713 921 1772 Diana

120 1792 305 1873 Lucinaque.
322 1794 346 1852 E
359 1793 420 1870 quis
433 1791 561 1850 nonnulla
576 1790 722 1850 nominoio
735 1790 921 1869 utraque'iin·

119 1890 173 1960 gua
192 1872 291 1931 habent
306 1870 423 1949 radices,
440 1884 470 1930 ut
484 1873 593 1930 arbotes
605 1890 666 1948 qnae
679 1869 706 1927 in
720 1868 841 1930 confinio
853 1884 922 1931 nata

120 1969 148 2007 ιιι
160 1962 273 2029 utroque
283 1971 347 2029 agro
356 1964 486 2032 serpunt:
500 1962 587 2032 potest
596 1950 668 2008 onim
680 1949 815 2008 saturnus
827 1950 922 2010 binde

120 2028 172 2087 alia
186 2050 265 2089 causa
279 2050 336 2090 esse
348 2029 437 2090 dictus
450 2044 531 2108 atque
543 2029 571 2088 in
584 2027 711 2102 Sabinis,
727 2040 754 2087 et
772 2027 822 2089 sic.
831 2031 920 2091 Diana

120 2121 148 2169 et
160 2108 307 2188 dequibus
319 2131 351 2168 sn
373 2132 401 2168 ra
415 2110 576 2170 dictumest.

160 2192 179 2249 7
181 2191 210 2250 5.
229 2188 311 2264 Quod
330 2132 371 2248 oti
383 2189 558 2249 immortaleis
574 2186 684 2257 attinet,
701 2187 771 2261 haec;
788 2184 887 2247 deinoe
907 2210 921 2248 s

120 2267 196 2347 quod
209 2268 246 2328 ad
262 2270 383 2329 mortalis
397 2270 488 2328 attinet
506 2266 656 2327 videamus.
676 2269 716 2326 De
730 2266 774 2325 his
788 2209 921 2327 animatia

120 2349 149 2409 in
158 2350 245 2409 tribus
256 2348 331 2427 locis,
338 2348 417 2487 ἱῚιιοιί
430 2348 530 2423 suntin
542 2368 613 2420 aere,
627 2345 655 2404 in
667 2348 748 2422 aqua,
759 2346 787 2405 in
799 2360 882 2407 terra.
895 2352 920 2406 Α

120 2449 224 2488 summa
234 2444 337 2510 partea
371 2429 491 2488 infimam
504 2425 672 2486 descendam.
686 2427 810 2485 Primum
820 2446 920 2485 nomen

120 2508 242 2568 omnium
254 2510 267 2536 *
282 2533 288 2566 :
303 2510 387 2568 alitos
398 2508 432 2567 ab
442 2508 503 2579 alis,
518 2507 655 2587 uolucres
666 2527 680 2562 a
690 2505 794 2566 volatu.
811 2505 919 2565 Deinde

121 2590 267 2665 gent-ratim
279 2614 285 2647 ε
299 2588 333 2647 de
346 2587 389 2648 his
400 2588 533 2669 pleraeque
546 2587 581 2644 'ab
595 2586 651 2644 suis
663 2584 777 2644 vocibus
791 2598 822 2643 ut
834 2584 893 2644 haeo
909 2611 915 2643 :

113 2690 224 2755 upupa,
236 2663 843 2749 cuculus,cornus,ntrunauututatatog
852 2664 916 2723 item

102 2754 164 2820 tac
170 2781 304 2896 W
313 2779 422 2843 anser,
440 2754 576 2845 gallina,
587 2745 739 2811 autumna,
749 2743 935 2799 -uffim
