2250 3090
235 150 278 211 64
518 168 604 206 umen
625 168 743 208 sunus.
812 208 815 213 ,
840 150 845 159 ’

236 293 263 339 et
273 282 428 360 agitantur
444 276 582 357 quadrigae
590 301 600 355 ;
618 277 682 337 hinc
701 282 805 358 agitur
815 300 901 360 pecus

238 362 299 434 Qua
310 359 360 417 vix
370 358 414 438 agi
427 358 597 438 Jmtcst,hinc
609 360 792 439 angiportum
798 384 811 429 ,·
823 380 879 438 que
890 292 1016 445 nm

238 438 293 519 agi,
309 438 373 497 hinc
385 438 522 514 ungulus,
532 437 594 498 vel*
605 437 679 515 quod
691 438 719 496 in
731 459 767 513 eo
786 439 864 500 iocus
876 438 1016 523 ungimini

238 539 310 591 mus,
322 517 420 597 quojus
437 518 490 577 ioci
505 519 529 577 is
545 518 671 597 angulus.
682 556 717 566 -
726 521 780 581 ii.
794 521 940 581 Actionum
951 520 1016 581 triu!

238 597 343 678 primus
354 598 469 678 agitatus
480 597 588 669 mentis,
602 596 677 675 quod
690 598 809 677 primum
821 618 855 659 eu
864 622 925 679 quae
941 620 1016 661 sum

239 676 335 750 acturi,
347 677 463 755 cogitare
473 677 612 752 debemus,
625 676 722 735 deinde
731 691 790 737 tum
802 676 1016 757 dicenactann

240 760 280 817 Dc
288 758 332 818 his
344 758 431 818 tribus
444 758 553 816 minime
563 769 641 837 putat
649 757 747 835 volgus
753 778 811 825 esse
819 760 953 827 notionem
962 776 1016 841 cog

240 838 366 899 tationem
378 837 503 912 ;tertium
514 838 603 915 inquo
612 836 812 914 (nimiminus,
823 836 855 897 id
863 858 1016 899 maxumus]

241 917 321 978 sedet
334 939 416 997 quom
429 938 481 977 nos
494 918 627 997 agitamus
639 915 706 993 quid
716 928 745 975 et
753 918 823 975 eum'
831 937 889 979 tem
902 918 1016 999 agitauit

242 999 385 1073 inruente,
407 998 530 1077 agimus3
550 1010 576 1056 et
599 1016 662 1056 cum
678 999 896 1087 pronuntiamus,
918 999 1016 1079 agimus

240 1078 335 1155 Inque
343 1078 379 1137 ab
391 1098 423 1136 eo
435 1092 524 1136 orator
531 1097 617 1157 agere
634 1075 736 1135 dicitur
746 1098 869 1136 causam
881 1092 908 1138 et
920 1094 1016 1153 augon

243 1162 401 1236 augurium
415 1177 499 1237 agere
511 1155 650 1230 dicuntur,
665 1176 749 1235 quom
761 1156 788 1216 in
803 1178 834 1217 eo
855 1157 936 1238 pluro
947 1158 1016 1221 dita!

242 1257 322 1313 quain
331 1236 441 1295 faciant.

281 1318 332 1376 to.
349 1314 515 1395 Cogitarca
532 1316 650 1395 cogendo
670 1315 774 1377 dictum
783 1339 793 1394 3
808 1336 884 1376 mens
905 1316 984 1397 plura
1007 1308 1016 1369 i

243 1414 328 1453 uuum
339 1398 411 1473 cogit
424 1396 496 1452 unde
503 1394 601 1475 eligere
627 1396 702 1456 ossit.
718 1396 765 1456 Sic
777 1416 793 1454 e
806 1396 875 1455 lacte
884 1410 1016 1481 coactoot

245 1474 491 1549 seusnominatus3
503 1474 541 1533 sic
559 1497 593 1535 ex
607 1419 763 1537 inminibus
782 1478 873 1535 contio
895 1476 1016 1548 dictust

244 1559 388 1633 coemptio,
411 1555 451 1614 sic
472 1559 629 1632 compitum
644 1555 822 1615 nominatum.
838 1555 1016 1633 Auginum

244 1638 405 1711 concilium,
427 1633 490 1693 inde
505 1634 686 1695 consiliumf.
708 1636 744 1695 Et
756 1637 946 1694 vestimentum
963 1650 1016 1715 apt}

243 1716 373 1775 fullonem
384 1736 466 1793 quum
475 1714 589 1794 cogitur,
607 1717 761 1775 conciliari
771 1715 975 1774 dictum—ii.
987 1708 1016 1773 Sl

247 1799 404 1867 reminisci,
422 1814 504 1869 quom
524 1815 554 1854 ca
573 1816 632 1873 quae
645 1794 732 1856 tenuit
753 1815 829 1853 meus
843 1815 874 1852 ac
898 1804 1016 1853 memoret

245 1874 386 1954 cogitando
409 1888 575 1954 repetuntur.
590 1878 661 1936 Hinc
684 1874 764 1933 etium
785 1876 970 1933 comminisci
987 1862 1016 1931 di

245 1968 327 2029 ctum,
342 1975 416 2015 acon
431 1966 456 2011 et
469 1968 568 2028 mento,
579 1976 662 2032 quom
674 1954 826 2032 finguntur,
838 1954 866 2012 in
880 1968 966 2015 mente
976 1962 1016 2029 qut

246 2054 299 2095 non
311 2048 392 2111 sunt;
418 2048 445 2092 et
463 2034 498 2091 ab
518 2034 569 2094 hoc
590 2033 660 2093 illud
678 2032 755 2112 quod
775 2032 882 2093 dicitur·
896 2030 1016 2093 eminisci

246 2135 328 2195 quom
349 2128 527 2173 commentum
545 2114 748 2195 pronunciatur.
773 2114 816 2172 Ab
838 2112 930 2173 eadem
950 2116 1016 2172 meni

247 2198 411 2255 meminisse
435 2194 539 2252 dictum
562 2208 591 2253 et
623 2213 724 2253 amens
756 2192 802 2272 qui
839 2217 854 2253 a
877 2207 964 2253 mente
983 2192 1015 2247 'su

246 2275 394 2337 descendit.
411 2309 451 2321 -
464 2274 513 2334 ts.
531 2276 546 2305 *
559 2276 727 2333 Meminisse
752 2294 768 2331 a
791 2274 931 2348 memoria,
955 2282 1016 2349 quot

248 2356 314 2436 quid
336 2356 463 2415 remansit
480 2357 507 2414 in
529 2369 617 2413 mente
640 2355 755 2431 indeque
773 2375 870 2413 rursus
892 2364 1006 2412 movetur

248 2456 307 2516 qun
318 2440 337 2494 'a
351 2433 482 2495 manendo
492 2450 521 2494 ut
534 2437 707 2493 manimoria
726 2445 811 2513 potest
825 2455 882 2492 esse
893 2432 972 2491 dicta.
983 2428 1016 2487 tu

249 2538 301 2594 qne
321 2515 388 2576 Salii
404 2515 479 2595 quod
492 2529 608 2584 cantant,
622 2515 754 2573 Mamuri
771 2515 882 2588 Veturi,
891 2508 1016 2591 significan

249 2608 364 2655 veterem
380 2597 546 2656 memoriam.
559 2595 603 2654 Ab
622 2593 716 2653 eodem
733 2614 856 2665 monere,
870 2589 944 2673 quod
954 2587 1016 2661 isq¹¹

251 2686 339 2733 monet
356 2676 469 2756 proinde
480 2677 516 2737 sit
526 2696 557 2736 ac
576 2673 714 2735 memoria.
725 2673 772 2734 Sic
784 2676 958 2734 monimento
974 2674 1016 2742 qu!
