2250 3090
162 151 221 209 m
454 168 539 205 runnu
561 166 669 207 nouus.

161 272 374 350 analogiarum,
388 289 422 328 an
442 269 482 327 uti
494 271 510 302 *
524 284 647 349 oportere
664 290 710 341 ea;
732 283 760 329 et
776 292 862 349 qrrorn
873 274 955 353 posci-

161 367 206 411 tur
221 397 229 424 ,
243 364 272 410 ut
282 372 347 409 usus
358 349 391 409 ad
404 349 434 407 id
444 349 519 427 quod
533 350 548 381 *
562 362 697 430 oporteret
709 348 954 429 redigeretur-„diei

163 430 191 490 id
206 432 233 490 in
245 430 378 510 populum
391 430 468 488 alitor
480 475 487 495 ,
500 451 531 487 ac
545 432 558 457 *
577 432 603 487 in
617 451 679 487 eum
690 428 739 507 qui
754 434 791 489 sit
804 432 832 489 in
849 432 954 515 populo.

202 514 231 570 ⁷.
247 512 326 568 Nunc
338 509 395 589 jam
439 510 536 567 nimum
554 510 643 569 dicam
657 529 707 589 pro
722 513 854 569 universa
869 512 954 573 anolo
985 546 988 569 t

162 589 222 669 gia,
236 611 284 648 cur
295 609 348 647 non
360 532 441 648 moriri
452 588 576 647 videatur
592 610 649 647 esse
660 590 902 669 reprehendenda,
912 590 954 651 sed

162 670 242 728 otiam
254 690 323 747 quor
341 669 368 726 iu
384 691 433 728 usn
449 668 648 745 quodammodo
668 669 817 747 sequenda.
834 668 954 731 Secundo

162 747 197 807 de
208 748 322 827 singuiis
341 748 519 820 criminibus,
542 749 641 827 quibus
664 749 746 809 rebus
760 750 885 828 possint,
899 770 952 829 qua

162 828 234 889 dicto
253 842 316 890 sunt
335 841 446 898 contra,
463 828 548 901 solvi,
573 828 662 887 dicum
680 830 738 895 ita,
761 843 791 888 ut
810 830 952 909 genuum

162 907 387 990 comprehendam
398 922 423 966 et
434 929 464 965 eo
480 929 539 987 quae
554 909 580 965 in
601 908 690 987 priore
708 907 778 967 libro
791 909 949 983 suntdietr,

162 1002 187 1047 et
197 1009 227 1046 ea
240 1009 299 1065 quae
313 1000 424 1068 possunt
434 985 506 1057 diei,
521 1001 599 1066 atque
614 987 670 1047 illic
681 988 808 1069 praeterii.

201 1066 229 1127 8.
242 1067 361 1126 Primum
370 1067 444 1145 quod
457 1067 554 1144 aiunt,
573 1067 620 1145 qui
631 1067 698 1126 bene
711 1068 786 1145 loqui
799 1067 881 1141 velit,
892 1088 950 1127 oen·

162 1147 331 1206 suetudinem
344 1148 419 1223 sequi
430 1161 570 1227 oportere,
585 1167 637 1206 non
655 1147 785 1206 rationem
799 1146 949 1206 similitudi-

161 1247 237 1299 num,
248 1225 322 1304 quod
330 1225 443 1286 alterum
455 1229 477 1285 si
490 1226 624 1304 neglegat,
635 1226 693 1286 sine
705 1227 854 1286 offensione
868 1228 949 1286 fouere

160 1325 214 1365 non
228 1306 327 1396 possit;
349 1306 462 1363 alterum
477 1307 500 1365 si
521 1321 666 1386 sequatur,
690 1305 765 1382 quod
788 1307 847 1365 sine
859 1326 946 1389 repre-

161 1387 293 1444 hensrone
307 1406 357 1444 non
381 1386 415 1443 sit
429 1386 551 1444 futurum
569 1411 577 1444 :
592 1399 695 1462 errent,
717 1385 793 1465 quod
805 1385 854 1463 qui
871 1386 896 1445 in
909 1385 947 1445 lo·

161 1464 267 1544 quondo
279 1464 515 1541 consuetudinem,
528 1486 582 1543 qua
602 1479 706 1547 oportet
719 1466 780 1539 uti,
796 1466 944 1544 sequitur*,
986 1472 988 1477 '

161 1568 219 1605 eam
236 1546 380 1625 seqnitur*
393 1565 445 1603 non
467 1546 524 1604 sine
535 1548 548 1575 *
564 1546 676 1605 ratione.
691 1581 730 1591 -
743 1567 773 1626 9.
790 1546 859 1613 Nom
871 1564 943 1603 root·
986 1540 988 1549 '

160 1626 225 1685 bule
237 1647 267 1684 ac
280 1626 361 1685 verbe
375 1670 383 1700 ,
398 1646 457 1703 qure
476 1625 644 1685 declinemus
665 1624 789 1684 similiter
800 1645 831 1682 ee
841 1625 870 1683 in
888 1642 945 1681 eon·

162 1705 302 1765 suetudine
315 1726 371 1765 osso
384 1704 508 1764 vide-mus
518 1752 526 1777 ,
538 1720 564 1765 et
575 1705 610 1763 ad
623 1727 682 1764 eum
695 1705 856 1763 conferimus
869 1748 877 1773 ‚
891 1698 943 1762 etsi

162 1785 282 1864 quidest
300 1799 435 1858 erratum,
454 1807 507 1843 non
525 1785 622 1844 sinere
640 1784 811 1863 corrigimus.
826 1785 942 1847 Namut,

163 1866 210 1943 qui
224 1865 372 1923 triclinium
386 1879 555 1924 constrarunt
575 1866 599 1924 si
616 1885 702 1942 quem·
709 1863 809 1923 lectum
821 1862 857 1921 de
865 1860 941 1920 tribu

163 1965 248 2003 ununt
268 1945 397 2024 imparem
416 1958 581 2025 posuerunt,
599 1957 646 2001 aut
665 1942 699 2001 de
714 1943 827 2023 peribus
840 1940 940 1999 nimium
980 1964 985 1973 ·

162 2037 209 2083 aut
227 2045 322 2103 parum
340 2022 545 2103 produxerunt,
561 2043 614 2081 una
630 2022 792 2101 corrigimus
805 2037 831 2081 ot
841 2020 876 2079 nd
886 2036 939 2078 rott-

162 2102 329 2162 suetudinem
354 2124 522 2163 communem
541 2102 616 2161 etad
636 2102 753 2161 eliorum
773 2100 938 2161 tricliniorum

162 2183 297 2262 analogias
312 2208 318 2240 :
334 2182 372 2239 sic
392 2183 414 2240 si
426 2185 486 2260 quis
497 2184 523 2241 in
536 2182 655 2241 oratione
669 2182 694 2241 in
729 2178 904 2241 renuntiando
912 2176 938 2235 itt

162 2263 279 2322 declinat
289 2262 369 2320 verba
380 2276 410 2320 ut
420 2262 491 2322 dieat
503 2263 638 2342 disparia,
648 2204 727 2340 quoti
738 2258 945 2342 peceatredigm

163 2341 292 2402 debemus
304 2341 340 2400 od
349 2356 497 2403 ceterorum
510 2342 639 2402 similium
653 2343 801 2401 verborum
817 2340 945 2401 rationem·

203 2424 251 2481 to.
264 2424 335 2482 Cum
356 2423 411 2480 uuo
428 2423 529 2502 percuti
551 2443 645 2501 genere
659 2421 714 2480 siut
725 2421 928 2483 dectinarionum
941 2448 961 2479 ο

164 2516 249 2561 unrun
260 2502 333 2581 quod
342 2502 368 2560 in
377 2501 596 2561 consuetudinem
607 2523 748 2582 perperam
762 2502 944 2581 receptum&
951 2524 977 2557 ι

163 2580 279 2642 ultorum
302 2582 376 2662 qnod
395 2581 514 2641 nondum
539 2596 600 2656 est,
628 2596 654 2641 et
671 2602 811 2663 perperam
827 2580 923 2639 dicotur
962 2578 986 2611 ⁶·

164 2680 249 2720 uuum
262 2660 328 2722 dant
340 2682 393 2721 non
411 2676 534 2742 oportere
546 2660 619 2739 dici,
634 2661 710 2741 quod
727 2665 799 2722 uon*
811 2661 846 2720 sit
857 2660 883 2717 in
891 2664 988 2713 rot,
