2250 3090
163 311 204 357 sir
479 286 641 348 futurarm.

161 429 218 495 fuit,
231 429 337 492 ratione,
350 427 453 486 infinitis
464 425 526 478 loeis
538 428 711 480 resarcivimus
725 447 730 477 :
745 418 824 480 muita
837 447 867 481 ex
877 447 966 484 eorum

159 513 269 581 scriptis,
282 532 299 582 q
307 531 345 565 ros
357 530 431 581 supra
444 516 638 582 nominavimus,
652 517 774 578 mutuati,
788 515 874 567 multis
887 521 964 572 etiam

161 601 194 654 de
205 615 293 656 nostro
304 601 408 666 additis,
420 621 472 655 non
485 603 555 670 quod
571 623 599 655 ea
613 623 743 668 versasse,
759 617 804 658 aut
816 604 850 655 ita
862 607 963 658 Festum

160 689 964 762 scripsisseerbitremur,sedutdoctorumingeniaexeitaremus

160 776 194 830 ad
212 777 276 831 hene
289 779 322 831 de
333 777 382 832 hoo
393 779 534 848 fragmento
547 777 703 832 merendum.
720 783 801 847 Atque
817 797 845 830 ea
861 779 964 847 quidem

161 865 336 935 supplementa
355 865 496 920 litterarum
518 866 640 920 varietate
662 880 688 920 et
698 869 766 921 notis
776 869 852 918 etiam
864 865 964 933 quibus·

162 953 221 1007 dam
238 954 271 1006 ab
292 957 396 1023 antiquo
408 954 577 1008 distinximus.
593 955 631 1007 Ab
647 973 677 1007 eo
690 967 773 1006 utitem
792 955 964 1020 separavimus

164 1045 269 1098 sdredas
282 1045 345 1102 iilos,
361 1063 423 1113 quas
434 1064 449 1095 a
460 1044 567 1098 iiiaruilo
578 1042 692 1097 habuisse
704 1043 798 1095 dieitur
809 1046 963 1111 Pomponius

162 1137 255 1198 Latus,
265 1135 335 1202 quod
346 1151 432 1186 earum
444 1133 611 1206 archetypum
632 1134 759 1201 exemplar
772 1151 824 1186 non
844 1144 924 1196 extet,
938 1145 962 1184 et

162 1239 220 1296 pars
238 1225 315 1277 altera
334 1229 491 1294 paginarum,
503 1243 558 1292 qum
575 1225 681 1292 margini
700 1223 840 1291 proximior
852 1222 886 1274 ab
904 1223 962 1291 igne

162 1296 277 1369 mutilata
305 1314 360 1381 fuit,
382 1313 495 1383 neglecte
525 1314 559 1364 ab
577 1315 607 1366 'u's
628 1315 671 1382 qui
701 1325 761 1365 tunc
792 1313 962 1382 fragmentum

165 1396 362 1471 descripserunt,
374 1405 398 1453 in
411 1403 541 1469 presentie
559 1399 722 1456 desideretur.
735 1404 804 1467 Quas
817 1413 901 1453 eutem
916 1419 962 1453 nos

164 1490 298 1558 edidimus,
320 1503 378 1542 sunt
396 1491 444 1543 iiim
461 1491 588 1559 quideme
608 1491 748 1544 doctissimi
768 1494 815 1544 viri
830 1493 963 1558 exscripto

164 1580 352 1649 chirographo,
372 1579 426 1631 aiiis
444 1579 597 1632 editionibus
608 1597 659 1631 non
672 1578 750 1631 modo
764 1577 963 1640 emendatiores,

163 1676 337 1724 verumetiam
350 1671 446 1740 aliquot
458 1671 519 1724 iocis
531 1654 657 1723 auctiores
668 1696 673 1724 :
684 1682 712 1720 ut
723 1673 801 1736 siqua
812 1680 902 1735 prester
912 1667 965 1741 inec

165 1764 189 1814 in
202 1762 307 1829 vulgatis
319 1763 379 1827 sint,
392 1778 420 1812 ea
433 1761 506 1828 piane
516 1778 566 1813 non
575 1778 626 1812 esse
633 1762 701 1812 Festi
708 1757 963 1823 credendumsit,sed

163 1869 176 1902 e
193 1849 261 1902 Pauli
280 1848 399 1916 epitome,
412 1861 457 1900 ortt
473 1848 672 1918 aliunde-petite.
686 1851 731 1900 His
744 1846 861 1902 omnibus
873 1846 965 1899 uitirno

163 1941 220 1995 ioco
242 1936 387 1991 addidimus
403 1938 533 2004 perbreres
545 1939 667 2006 quasdam
682 1949 755 1990 notas
767 1953 853 1987 earum
865 1946 964 1988 tantum

164 2046 261 2092 rernm,
271 2048 326 2096 qum
338 2032 394 2083 risae
410 2040 469 2080 sunt
485 2029 517 2079 aii
532 2028 587 2080 aliis
599 2030 780 2095 praetermisso.
792 2027 858 2076 Nam
869 2041 924 2091 qum
934 2041 965 2076 es

163 2121 273 2186 epitoma
293 2118 362 2172 Pauli
374 2132 418 2170 aut
434 2117 540 2170 eliorum
560 2117 747 2170 commentariis
766 2112 879 2180 suppleta
895 2123 964 2172 sunt,

164 2211 221 2276 quia
234 2214 257 2261 in
270 2223 389 2278 promptu
402 2207 528 2272 omnibus,
541 2208 581 2260 hic
597 2221 694 2272 notare,
706 2208 755 2257 nisi
767 2208 788 2256 si
799 2222 849 2272 qua
865 2205 964 2270 impru-

164 2297 280 2351 dentibus
300 2299 373 2351 uobis
394 2300 785 2364 irrepserunt,supervacaneum
806 2293 963 2347 altisimus.»

206 2496 279 2569 Quin
296 2517 392 2575 magna
405 2496 483 2555 suerit
499 2496 525 2554 in
543 2493 721 2554 describendo
731 2514 813 2573 opere
824 2492 965 2573 diligentie

168 2584 256 2645 Fulvii
276 2586 383 2661 Ursini,
397 2587 445 2647 rix
458 2585 579 2644 dubitari
600 2598 697 2665 potest.
719 2587 824 2646 Verum
845 2606 860 2642 a
882 2598 964 2666 typo-

167 2679 275 2759 graphis
297 2681 412 2761 pessime
429 2680 521 2740 habita
540 2694 579 2739 est
597 2680 730 2760 scriptum
748 2693 775 2738 et
793 2701 841 2761 per
852 2679 966 2741 sediifi-

167 2768 227 2831 eiiis
238 2783 263 2830 et
277 2771 404 2836 erunibus
420 2770 581 2858 corruptelis
598 2770 754 2854 depravata.
771 2769 875 2833 Eodem
897 2771 965 2833 vitio
