2250 3090
162 176 258 240 ω’
339 251 344 260 ⁶
430 196 469 236 mr
497 196 699 237 ruscmmtorte

245 313 418 390 expositione
429 309 518 379 sallo,
535 309 689 368 nonrelio.
707 310 746 369 Ut
758 310 907 371 eroad
921 313 968 374 Οἱ·

243 411 377 449 eerouem
391 389 493 468 QUIN
499 391 556 450 TO.
570 403 602 449 ut
612 405 772 464 servarent,
781 391 916 455 mttere.-

284 473 371 530 Locus
383 483 469 528 exstat
479 469 590 539 in-libro
599 484 714 549 quarto,
726 491 778 528 non
790 472 895 550 quinto
902 473 965 533 vul·

163 562 232 631 gatae
242 548 423 609 distinctionis
432 548 577 607 librorum.
589 547 651 630 prg.
666 554 706 610 52
719 549 780 628 Rip.
794 572 855 630 cap.
871 554 924 612 22.

202 631 339 690 Succidia
352 632 389 688 ab
404 628 506 688 suibus
518 631 705 691 conctdenctts
718 654 730 701 ς
746 652 815 688 uam
829 631 864 688 td
872 652 964 710 pecus

185 759 187 763 ,
201 716 327 787 primum
339 710 469 769 occidere
479 723 626 793 coeperunt
636 711 758 785 domini,
774 723 802 769 et
816 724 849 769 ut
862 732 963 771 serva-

202 806 266 849 rent
278 790 382 848 salere.
421 788 424 795 ’
443 845 449 853 .

163 871 200 930 ita
217 869 382 950 Augustinus
389 867 651 951 exDiomedeput03
666 869 746 930 codd.
756 870 855 932 etlibri
867 893 963 932 omnes

163 951 262 1008 salire.
561 971 564 975 ·

93 1150 96 1154 ,
163 1083 216 1142 vl.
230 1078 441 1156 cHthslUs,
452 1077 568 1139 institut.
582 1100 696 1158 gramm.
707 1079 759 1140 lib.
770 1082 792 1140 1.
805 1103 867 1162 pag.
882 1080 924 1143 56
933 1086 960 1142 P.

202 1183 390 1240 Pulmentum
413 1197 442 1240 et
469 1183 705 1242 Pulmentarium
734 1184 852 1245 dieitur.
885 1186 960 1245 Nam

244 1262 318 1321 Gato
331 1263 477 1336 originum
493 1265 604 1322 tertio:
620 1265 811 1344 Laserpitium
825 1285 880 1340 pro
891 1266 960 1347 put·

243 1344 384 1399 menterio
397 1363 451 1400 suo
469 1341 564 1401 habet.
584 1346 623 1400 Iu
638 1345 759 1403 eodem:
780 1345 874 1403 multo
892 1345 960 1424 pul-

243 1432 340 1479 mento
359 1425 412 1479 usi.
431 1421 486 1480 Sed
506 1425 626 1501 quidam
640 1436 757 1500 putant,
776 1423 959 1502 pulmentum
984 1426 988 1437 ‘

242 1505 329 1580 quasi
336 1501 539 1582 pulumentum
555 1503 661 1561 melius·
674 1505 740 1562 dict.
755 1506 849 1562 Varro
863 1517 956 1563 autem

242 1583 282 1639 ed
304 1582 396 1641 Cicer.
419 1583 576 1658 QUINTO
590 1583 791 1653 Fulmentitm‚
811 1587 865 1658 ait,
883 1584 957 1662 quod

182 1663 185 1671 “
243 1662 276 1719 td
293 1683 358 1720 eum
377 1663 459 1740 pulte
480 1675 573 1720 essent
597 1677 623 1720 et
645 1665 715 1722 inde
731 1663 955 1742 pulmentarium

242 1741 363 1800 dictum.

161 1874 164 1880 .
281 1821 350 1883 Sane
364 1820 422 1880 haec
435 1820 571 1884 Varronis
585 1821 665 1880 verba
679 1823 807 1902 leguntur
818 1822 847 1881 in
861 1822 955 1884 codiee

160 1911 262 1970 nostro,
277 1900 352 1959 libro
368 1903 480 1982 quinte,
492 1899 540 1960 sed
551 1901 578 1958 in
593 1903 688 1962 ceteris
701 1903 829 1963 omnibus
842 1916 964 1981 quarte,

161 1998 220 2056 cap.
237 1981 286 2052 22.
304 2002 367 2060 pag.
385 1983 417 2039 5t
436 1982 501 2060 Bip.

282 2113 346 2175 VH.
361 2113 567 2187 CHARISIUS,
584 2114 654 2174 libro
668 2115 690 2173 1.
704 2136 767 2194 pag.
784 2113 836 2175 81.

200 2214 400 2272 Bovilevetat
422 2217 480 2273 diet
503 2217 596 2275 Varro
621 2217 662 2274 ad
687 2218 856 2277 Ciceronem
881 2217 1002 2275 librc:

241 2294 291 2352 00
297 2295 323 2351 T
319 2293 384 2351 AV
382 2296 417 2364 0,
429 2309 458 2353 et
470 2299 530 2374 ipse
540 2315 654 2373 semper
664 2297 763 2355 tutilo
772 2298 855 2371 dicte,
867 2297 919 2356 seet'
927 2318 947 2354 e.
983 2310 1002 2323 ¹

242 2374 314 2434 Cato
328 2375 364 2432 de
375 2376 552 2454 abrogandis
564 2375 677 2449 legibus
692 2377 789 2435 tovtte
798 2378 883 2434 dieu.

159 2452 273 2510 Exstant
286 2455 312 2512 in
328 2455 402 2533 vulg.
416 2456 486 2514 libro
496 2460 629 2530 septimo,
643 2476 704 2534 cap.
716 2459 767 2520 50,
777 2479 809 2537 p.
821 2457 880 2514 tt‘t
891 2455 939 2533 Bip
976 2468 1002 2497 ⁴

198 2532 334 2590 Primum
345 2554 408 2592 cum
420 2537 534 2593 dicatur
543 2549 574 2592 ut
585 2538 621 2592 ab
635 2557 684 2592 oue
693 2549 722 2594 et
732 2557 751 2594 a
764 2556 826 2613 sue,
841 2536 940 2594 ovilee
954 2543 1002 2578 ⁶-

198 2611 283 2683 sm'le,
296 2616 337 2670 sie
350 2617 452 2674 above
465 2616 572 2673 dieitur
584 2615 694 2685 bubile,
712 2636 772 2674 neu
783 2615 884 2675 bovile.

160 2686 210 2752 His
222 2703 309 2751 tamen
324 2714 384 2774 quae
394 2694 548 2754 firmissima
563 2708 634 2754 stant
647 2693 704 2756 duo
714 2696 882 2778 refragantur
894 2692 1002 2752 locs:
