2250 3090
209 208 248 264 ta
297 192 301 201 ¹
493 225 581 263 urana
602 222 717 264 sexsus.

207 338 251 396 Ab
263 335 355 396 eadem
369 337 495 416 sponte†
511 357 527 395 a
542 357 597 415 *qua
610 334 714 395 dictum
731 334 865 417 spondere
879 338 901 415 †
914 336 1034 398 donli-

207 431 300 476 natum
312 417 434 497 spondet
443 431 469 475 et
477 417 629 496 respondet
641 429 667 474 et
677 418 837 496 desponsor
846 431 873 476 et
882 436 1008 495 sponsur
1021 436 1034 472 a

207 498 272 555 item
287 497 326 556 sic
340 496 401 555 alia.
415 497 437 556 S
455 495 626 556 ondet'enim
644 495 690 574 qui
711 495 779 554 dicit
793 518 808 554 a
823 517 873 557 sua
884 511 1034 578 sponte:-

207 575 336 655 spondeo.
347 519 466 655 spondit
477 576 557 635 etiam
567 595 689 656 sponsor
696 575 743 655 qui
756 574 829 635 idem
839 577 919 637 saciat
930 576 1034 637 obli-

207 669 296 734 gutur.
309 689 350 703 -·
363 657 412 715 70.
435 655 580 735 Sponsus,
602 646 770 735 consp'onsus
789 677 799 732 3
822 655 875 716 hoe
892 655 1023 733 iiaeviw

207 735 341 814 significat
355 757 416 794 cum
430 736 467 794 ait
482 762 489 794 ε
507 736 667 814 consponsi.
686 733 877 815 spondebatur
889 735 999 816 pecunia

207 829 254 873 aut
270 814 327 874 filia
349 815 505 896 nuptiarum
520 835 612 888 eausa,
627 815 643 847 *
660 835 740 893 nam,
762 828 794 873 ut
815 814 846 875 in
865 813 999 877 comoediis
1032 846 1034 855 =

208 893 284 954 vides
296 893 372 954 dici:

246 1015 392 1098 Sponden'
405 1030 485 1078 tuom
498 1018 700 1101 gnatamfilr'o‘
711 1037 831 1076 uxorem
846 1038 910 1078 meo
921 1021 953 1076 P*

208 1142 403 1223 Appellabatur
415 1157 441 1201 et
457 1144 581 1237 pecunia,
592 1157 617 1201 et
631 1162 691 1220 quae
701 1141 832 1222 desponsa
844 1155 911 1216 erat,
923 1160 990 1219 spon

209 1242 243 1279 se
253 1245 266 1296 3.
274 1243 333 1301 quae
343 1222 456 1302 pecunia
464 1236 534 1281 inter
546 1244 574 1281 se
584 1234 675 1282 eontra
687 1242 816 1302 sponsum
833 1235 926 1303 rogata
935 1232 989 1292 ent,

208 1299 281 1359 dicta
297 1305 412 1392 sponsio
426 1325 438 1370 ;
451 1303 515 1379 quoi
527 1300 659 1382 desponsa
679 1321 739 1437 dirae
748 1301 765 1332 *
776 1314 844 1370 erat,
868 1318 1005 1379 sponsio.¹

208 1381 270 1454 Quo
288 1381 333 1440 dte
349 1401 477 1460 sponsum
495 1396 561 1456 erat,
577 1399 682 1460 sponso
694 1384 729 1441 is.
743 1414 784 1428 —
795 1381 845 1439 71.
866 1380 923 1455 Qui
938 1400 992 1461 spo-

208 1459 339 1539 ponderat
363 1461 460 1535 titiam,
485 1461 669 1541 despondisse
692 1458 844 1533 dicebatur,
871 1458 948 1538 quod
967 1457 993 1517 dt

208 1553 303 1619 sponte
311 1541 379 1622 ejus,
398 1540 427 1598 id
440 1553 480 1600 est
492 1541 527 1600 de
537 1540 677 1601 voluntate
688 1540 791 1599 exierat
803 1561 815 1616 5
828 1559 883 1599 uon
893 1537 995 1601 euitnti

208 1619 326 1692 nolebat,
346 1620 416 1679 non*
433 1618 526 1695 dabat,
546 1619 621 1699 quod
640 1639 740 1698 sponsu
756 1631 815 1679 etat
832 1615 993 1698 alligatust*

207 1700 279 1776 quod
302 1715 358 1759 tum
374 1714 399 1759 et
415 1700 571 1780 praetorium
587 1700 633 1779 jus
647 1697 682 1758 ad
699 1698 786 1778 legem
804 1712 833 1757 et
853 1699 994 1761 oeusoriuu

204 1778 340 1856 judicium
360 1779 396 1838 ad
409 1779 513 1858 aequorn
527 1777 741 1838 existimabatur.
754 1777 801 1839 sie
817 1779 995 1856 despondisse

208 1862 338 1917 animum
349 1880 456 1938 quoque
467 1859 576 1934 dicitur,
593 1873 621 1918 ut
632 1855 807 1938 despondisse
820 1856 917 1935 filiam,
931 1854 994 1936 quoi

123 2010 126 2015 Ι
208 1957 264 1995 suae
283 1939 384 2018 spontis
405 1952 550 1998 statuerant
568 1938 662 1997 finem.
677 1970 718 1983 -·-
729 1937 778 1997 72.
795 1939 889 2014 Aquo
911 1950 995 2019 sponte
1032 1956 1034 1965 ·

155 2092 157 2096 Α
208 2016 307 2091 dicere,
320 2018 505 2099 respondere*
516 2039 623 2097 quoque
635 2017 773 2086 dixerunt,
785 2036 869 2094 quoru
878 2016 913 2076 ad
925 2036 995 2098 spou-

208 2110 261 2155 tem
282 2097 482 2178 responderent,
503 2097 532 2156 id
549 2112 588 2157 est
604 2097 639 2156 ad
657 2096 824 2157 voluntatem
846 2095 993 2177 rogationis.

208 2176 302 2256 Itaque
311 2177 359 2256 qui
369 2176 404 2236 ad
418 2176 449 2236 id
460 2176 533 2256 quod
547 2190 657 2257 rogatur
667 2196 720 2235 non
733 2174 812 2246 dicit,
825 2195 879 2234 uon
894 2194 995 2257 respon·

210 2255 274 2318 det:
289 2270 385 2318 utnon
399 2257 514 2339 spondet
529 2256 588 2328 ille,
600 2257 690 2317 statim
704 2255 752 2335 qui
765 2254 838 2315 dixit
855 2279 862 2314 ε
878 2254 995 2337 spondeo,

210 2337 233 2394 si
245 2336 354 2417 jocandi
374 2359 452 2397 causa
472 2337 555 2409 dixit,
576 2357 661 2414 neque
678 2338 722 2415 agi
741 2348 827 2416 potest
846 2356 910 2396 cum
925 2356 955 2395 eo
968 2352 995 2393 ex
1028 2384 1033 2389 .

62 2424 70 2437 “
165 2470 172 2481 ,
194 2435 320 2496 ¹sponsu.
337 2419 431 2497 Itaque
441 2417 504 2496 quoi
518 2417 580 2495 quis
592 2416 695 2476 dicit'in
705 2413 863 2494 tragoedia:

155 2566 160 2577 ’
223 2589 225 2593 .
251 2543 446 2603 Meministin'
455 2553 483 2601 te
494 2541 670 2622 despondere
682 2539 754 2599 mitt
768 2554 893 2621 gnatam
905 2539 996 2601 tuam?

211 2664 284 2743 quod
297 2667 378 2726 sines
398 2681 459 2745 onte
472 2689 520 2726 sua
533 2665 615 2735 dixit,
632 2685 694 2725 cum
708 2685 739 2723 eo
751 2684 805 2724 nou
814 2662 992 2745 ¹potestagiex

95 2702 193 2910 N
210 2764 320 2835 sponsu.
333 2689 435 2810 wdd.
450 2746 540 2809 Etiam
549 2766 613 2827 spes
624 2767 638 2805 a
653 2756 746 2826 sponte
758 2757 846 2825 potest
856 2765 910 2804 esse
918 2738 991 2802 detli-
