2250 3090
159 141 219 200 180
452 156 539 199 Ltmt
559 156 704 199 nncrmns.

159 271 266 332 tertiam
277 289 336 350 qnae
347 282 471 347 utraque,
483 283 513 330 ut
523 269 794 354 doceus‚saciens;
808 270 838 333 in
848 285 961 352 quartam

160 373 220 431 quae
237 365 344 424 neutra,
364 363 394 408 ut
414 344 500 410 docte
519 363 546 408 et
563 350 668 427 facete.
690 351 740 426 Ere
762 350 816 412 hac
834 352 963 413 divisione

161 429 277 510 singulis
291 428 414 511 partibus
428 442 483 489 tres
498 428 609 507 reliquae
627 427 791 495 dissimiles.
809 433 905 507 Quare
916 431 963 491 nisi

161 512 191 568 in
204 531 251 569 sua
263 522 339 589 parte
352 509 421 568 inter
432 529 461 569 se
475 509 572 568 collata
586 521 665 569 erunt
677 510 778 582 rerba,
792 511 818 571 si
833 533 888 571 non
903 531 962 572 eon·

162 589 276 649 veniunt
289 615 298 648 .-
312 608 366 648 uou
382 587 433 649 erit
445 589 482 647 ita
492 587 591 665 simile,
608 602 637 647 ut
649 585 749 648 debeat
761 591 855 651 lacere
865 590 946 652 idem.

203 667 270 729 18³
281 668 418 745 Quoniam
435 669 536 750 speeies
551 669 656 758 plures,
673 667 708 727 dc
726 669 850 750 siugulis
868 670 960 731 dicam.

163 748 254 810 Prima
270 770 332 830 pars
345 748 460 808 casualis
473 746 608 806 dividitur
621 747 648 810 in
661 748 765 827 parteis
776 748 864 824 duas,
882 753 910 810 in
921 770 964 810 no·

162 830 280 888 minatus
292 828 395 889 scilicet
407 830 450 887 *et
459 826 614 903 articulos*,
645 826 699 886 uod
713 827 828 888 linitum
839 844 867 890 ct
879 829 963 890 inlini·

163 924 223 968 tum
242 923 291 981 cst,
309 923 339 968 ut
358 910 407 968 tie
427 921 454 967 et
473 911 561 989 quis;
582 906 617 965 de
625 848 675 965 lis
691 907 845 985 generibus
863 909 965 970 duobos

164 1003 257 1048 utrum
285 987 443 1068 sumpseris,
470 1008 533 1047 cum
552 987 656 1064 reliquo
680 1006 736 1045 uon
761 986 962 1060 conferendum,

75 1090 76 1093 ¹
164 1067 239 1146 quod
255 1069 324 1128 inter
339 1088 366 1126 se
379 1066 526 1126 dissimiles
538 1067 639 1125 hahent
647 1065 798 1146 analogias.

207 1149 270 1207 19.*
288 1149 320 1207 In
340 1146 461 1206 articulis
479 1146 528 1206 vix
549 1145 708 1205 adumbrata
729 1159 772 1205 est
790 1147 927 1228 analogia,
942 1159 964 1206 et

164 1226 251 1306 magis
269 1247 359 1286 rerum
378 1247 459 1304 quam
478 1247 602 1295 vocum;
625 1224 653 1283 in
675 1225 867 1287 nominatihus
886 1227 965 1307 magis

164 1326 303 1388 expressa,
321 1326 351 1365 ac
371 1306 434 1385 plus
453 1305 535 1365 etiam
556 1305 584 1364 in
605 1305 720 1365 vocum*
738 1304 965 1367 similitudinibus

165 1406 249 1464 quam
266 1385 294 1445 in
314 1383 396 1444 relius
412 1406 489 1444 suam
508 1384 612 1445 obtinet
627 1383 769 1443 rationem.
785 1385 881 1446 Etiam
900 1382 963 1446 illud
1004 1436 1006 1449 .

166 1461 269 1526 accedit
289 1477 319 1525 ut
333 1465 360 1524 in
376 1465 500 1525 articulis
512 1461 612 1524 hohere
625 1463 764 1542 analogias
779 1465 921 1526 ostendere
933 1465 964 1523 ait

165 1545 289 1618 difficile,
306 1543 381 1624 quod
393 1544 501 1624 singula
514 1546 569 1604 siut
586 1543 688 1620 verba3
703 1542 751 1602 hic
765 1559 863 1605 contra
880 1545 961 1616 facile,

166 1624 240 1704 quod
254 1646 353 1702 magna
366 1625 402 1684 sit
420 1624 498 1706 copia
511 1624 643 1683 similium
656 1622 860 1685 nominatuum.
879 1627 963 1700 Quare
1004 1676 1006 1683 .

165 1725 219 1764 non
234 1719 288 1767 tam
301 1705 371 1764 hanc
381 1718 485 1785 partem
497 1705 530 1763 ab
540 1703 587 1762 illa
597 1700 791 1774 dividendum,
802 1725 887 1782 quam
899 1701 962 1763 illud

167 1784 328 1863 videndum,
340 1798 370 1844 ut
382 1784 446 1844 satis
457 1784 493 1843 sit
507 1780 662 1858 verecundi,
671 1781 754 1841 etiam
763 1782 845 1843 illam
857 1789 885 1842 in
905 1801 962 1844 ean·

167 1863 228 1924 dem
243 1864 372 1924 harenam
382 1885 481 1924 vocare
492 1876 652 1944 pugnatum.

207 1946 257 2004 ²20.
276 1946 316 2006 Ut
331 1944 358 2003 in
373 1943 494 2004 articulis
511 1942 572 2000 duae
588 1953 687 2022 partes,
703 1939 787 2001 sinitae
803 1955 831 2002 et
844 1941 961 2013 infinite,

167 2023 246 2082 sicin
261 2022 460 2084 nominatibus*
474 2021 546 2097 duae,
561 2021 727 2080 vocabulum
740 2035 768 2081 ct
780 2042 880 2083 nomen
893 2046 902 2101 ;
916 2041 962 2082 non

167 2103 238 2162 enim
259 2102 333 2162 idem
352 2106 489 2183 oppidum
507 2116 534 2161 et
553 2104 659 2176 Roma,
676 2121 761 2179 quom
782 2103 918 2183 oppidum
933 2100 961 2159 sit

166 2183 340 2258 vocabulum,
357 2185 444 2244 Roma
458 2201 566 2255 nomen,
582 2201 698 2260 quorum
714 2179 865 2242 discrimen
886 2183 913 2243 in
924 2180 962 2240 his

166 2262 314 2323 reddendis
323 2262 473 2327 rationibus
480 2261 528 2321 alii
541 2259 708 2333 discernunt,
720 2259 769 2319 alii
782 2281 915 2321 nouenos
930 2258 961 2320 si·

168 2343 232 2401 cubi
247 2363 316 2424 opus
330 2343 423 2418 licerit,
434 2341 501 2421 quid
514 2342 549 2400 sit
564 2355 591 2400 et
600 2361 679 2419 quor,
693 2339 857 2401 ascribimus
875 2341 961 2400 unius
990 2400 993 2407 ,

168 2422 322 2502 quujusque
331 2435 427 2501 partes.
441 2455 482 2470 ·-
491 2424 523 2480 91
534 2466 541 2479 .
553 2419 709 2481 Nominatni
723 2433 752 2478 ut
764 2420 865 2483 similis
876 2420 911 2480 sit
917 2439 960 2478 uo·

167 2501 299 2574 minatus,
312 2502 408 2561 babere
420 2501 499 2560 debet
508 2515 538 2561 ut
548 2500 583 2560 sit
597 2499 690 2559 eodem
703 2520 811 2579 genere,
822 2500 911 2580 specie
921 2518 962 2557 ea·

168 2579 245 2653 dem,
266 2581 304 2640 sic
324 2602 397 2652 casu,
413 2582 488 2644 exitu
502 2580 625 2641 eodem*
639 2580 754 2653 Graece,
774 2593 814 2651 ut,
831 2581 856 2639 si
874 2595 962 2639 nomen

170 2659 292 2736 estquod
303 2661 433 2737 conferas,
445 2682 509 2736 cum
520 2681 573 2740 qno
582 2660 700 2731 conferas
710 2659 746 2721 sit
755 2679 852 2720 nomen
865 2683 872 2717 ε
883 2656 961 2741 speeie
