2250 3090
161 128 221 190 tt8
455 144 538 185 monn
564 143 661 185 nouus

158 253 239 336 polus
254 249 377 391 superior
398 251 500 311 abest*
520 272 536 309 a
555 249 762 331 septentrionali
783 251 888 313 eironlo
901 253 915 285 *
928 267 953 313 et

159 338 184 394 is
203 333 239 393 ad
261 354 291 392 so
316 331 424 407 titium,
446 329 606 390 tantundem
632 332 709 390 ebert
734 330 851 392 inferior
868 334 905 393 ab
923 354 953 393 eo

160 426 240 493 q'uern
247 410 424 492 ἀνταρκτικὸν
436 425 533 470 vocant
543 410 689 491 astrologi,
707 425 735 470 et
753 413 779 472 is
794 412 831 472 ad
848 412 955 473 bruna·

161 492 235 555 lem?
249 494 326 565 Non,
341 488 570 568 quemadmodum
591 491 720 569 qnodque
738 491 852 572 signnm
875 514 957 553 exort-

161 571 281 633 tumlroo
289 591 360 629 anno
371 617 380 645 ,
395 570 606 647 quotquotunnis
619 569 716 629 eodem
726 571 811 631 modo
820 574 957 652 noritur?

162 686 202 699 -
213 652 262 712 25.
272 652 346 711 Num
357 650 434 709 aliter
442 650 483 709 sol
493 671 508 708 a
520 650 617 708 bruma
623 650 698 709 veuit
704 649 742 710 ad
753 654 955 730 aequinoctium,

163 753 194 792 ac
206 745 296 790 contra
311 750 373 789 oum
383 730 418 788 alr
429 729 546 789 solstitio
553 728 672 789 venitad
680 731 899 808 aeqrrinootialem
908 732 956 790 oir-

164 811 273 883 oolum,
284 824 310 869 et
324 809 387 869 inde
403 808 439 867 ad
460 809 605 877 brumam?
623 811 721 869 Nonne
734 810 800 870 luna
810 854 819 886 ,
831 824 864 871 ut
875 832 893 871 a
904 810 957 872 solt

163 889 279 951 discedit
293 889 327 949 ad
337 889 492 967 aquilonem
503 903 530 948 et
539 887 603 947 inde
615 888 686 949 redit
695 891 724 948 in
737 889 855 950 eandem
868 891 956 951 viam-r

165 972 205 1032 sio
215 970 278 1031 inde
296 972 382 1029 fertur
395 967 431 1027 ad
452 983 573 1028 austrum
593 982 619 1028 et
639 967 794 1045 regreditur
807 970 894 1035 indel
908 968 957 1033 Sal

166 1051 233 1132 quid
247 1049 324 1131 plura
338 1048 374 1107 de
383 1048 480 1115 astris,
496 1049 544 1107 ubi
555 1047 696 1108 difficilius
702 1050 840 1129 reperitur
849 1048 958 1130 quidait

166 1144 214 1191 aut
227 1130 274 1189 liat
285 1130 312 1188 in
326 1129 445 1188 motibus
460 1127 704 1188 dissimiliterP—
715 1132 764 1190 26.
781 1134 818 1189 At
835 1130 866 1190 in
878 1128 956 1202 mari,

167 1209 263 1279 credo,
274 1223 363 1268 motus
381 1228 435 1268 non
445 1208 547 1267 habent
563 1206 756 1268 similitudines
771 1210 959 1290 geminaa3qoi

168 1291 197 1350 in
209 1287 331 1351 XXllll.
357 1287 434 1348 horis
458 1286 601 1347 lunaribus
615 1287 736 1366 quotidie
748 1304 846 1368 quater
859 1310 889 1349 se
904 1310 959 1349 mn·

87 1368 91 1373 ’
168 1383 243 1443 unu
255 1390 287 1429 ac
295 1389 358 1428 cnm
371 1389 419 1428 sex
429 1367 505 1427 boris
516 1382 597 1428 astus
609 1382 771 1444 creverunt,
787 1368 903 1429 totidem
914 1368 958 1429 da·

169 1463 313 1510 creverunt
321 1469 417 1508 rursus
426 1447 499 1507 idem
507 1470 517 1524 ;
525 1446 644 1524 itemque
652 1448 688 1507 ab
698 1447 752 1508 his.
767 1452 809 1507 An
821 1448 960 1509 lraneana·

170 1529 271 1610 logiam
292 1528 328 1587 ad
353 1528 426 1587 diem
449 1541 572 1603 servant,
597 1527 634 1587 ad
663 1548 782 1587 mensem
801 1548 856 1587 uon
880 1528 960 1599 iren,

169 1609 239 1670 alios
262 1623 352 1668 motus
372 1628 436 1668 cnm
456 1607 573 1667 habeant
593 1610 631 1680 *,
657 1607 696 1667 sic
719 1608 784 1667 item
799 1607 872 1668 alios
897 1608 961 1667 inter

169 1711 198 1750 se
225 1688 430 1748 convenientes?
453 1686 488 1746 de
518 1686 620 1765 quihus
645 1687 675 1744 in
703 1687 796 1757 libro,
824 1708 908 1766 quem
927 1684 962 1745 dr

169 1764 302 1829 aestuariis
316 1768 384 1844 leci,
402 1767 509 1849 scripsi.
519 1767 618 1826 -Q'L
633 1767 694 1826 Non
713 1767 742 1826 in
754 1764 824 1826 lerna
839 1768 869 1826 in
882 1767 962 1827 satin·

171 1850 251 1908 nibus
266 1861 370 1908 servata
383 1847 525 1925 analogia?
539 1867 587 1906 nee
601 1842 775 1925 quujusrnodi
789 1848 817 1907 in
830 1846 962 1927 praeterito

170 1943 222 1989 tem
244 1949 289 1986 ore
297 1928 434 1986 sructuurn
442 1947 536 2005 genera
545 1924 676 2000 reddidit,
688 1926 788 1985 similia
798 1927 826 1985 in
840 1924 962 2007 praesenti

172 1951 277 2068 reddit?
291 2021 318 2066 et
332 1997 506 2088 quojusmodi
517 2006 607 2066 trition
628 2007 699 2084 jacto
712 2005 833 2065 reddidit
846 2018 961 2086 segetes,

171 2087 211 2148 sic
223 2086 306 2147 ordeo
321 2101 378 2145 sato
393 2087 566 2167 proportione
582 2084 703 2146 reddidit
723 2085 837 2166 parilis?
860 2088 922 2146 Non
936 2094 964 2143 nt

171 2167 281 2248 Europe
300 2167 385 2226 nabet
405 2165 536 2241 flumina,
555 2166 645 2240 lacus,
659 2166 774 2238 montis,
789 2186 917 2246 campos,
928 2163 964 2224 sio

170 2248 252 2308 habet
263 2247 346 2309 Asia?
355 2279 397 2296 ·-
409 2246 459 2309 28.
473 2247 535 2306 Non
547 2246 575 2305 in
584 2246 743 2305 volucribus
756 2245 906 2326 generatim
914 2264 965 2304 ser·

171 2342 255 2389 vatur.
264 2328 409 2405 analogia?
425 2345 478 2384 non
489 2325 634 2405 exaqnilis
644 2326 762 2403 aquilae,
785 2339 867 2404 atque
888 2338 965 2385 ntea

172 2408 262 2469 turdis
273 2406 321 2487 qui
335 2404 614 2487 procreantumturdi,
629 2405 710 2465 sicex
724 2404 839 2483 reliquis
850 2405 895 2465 sui
904 2422 965 2485 quo·

170 2490 269 2569 jusque
279 2486 403 2568 generis?
416 2490 459 2544 An
473 2485 555 2545 aliter
566 2485 632 2545 noe·
641 2485 692 2559 fit,
706 2506 790 2564 quam
803 2485 833 2543 in
848 2506 926 2561 aere,
937 2484 965 2543 in

173 2589 243 2707 qqlqa
256 2569 269 2627 ἓ
282 2587 334 2626 non
344 2566 391 2659 hio
401 2565 509 2708 qpnqhae
523 2565 593 2656 iuter
606 2565 797 2688 seogeneratim
805 2565 965 2707 'miluin-

193 2671 202 2707 ι
236 2667 348 2723 numero
355 2667 406 2709 sim
428 2666 457 2707 es
481 2664 840 2727 non.p1soes..anemntena
869 2658 882 2706 t
899 2660 966 2726 upra
