2250 3090
430 81 446 100 υ
464 56 523 79 „aa
533 40 613 98 qnam
627 18 820 79 indeordiemu

302 121 329 159 ns
341 120 477 161 assumere
488 98 624 180 oportebit
636 98 737 178 figuras
750 120 805 173 eas,
820 123 828 158 ι

302 180 382 259 iginus,
397 179 454 239 sive
468 179 618 260 singulares
632 181 689 239 sive
701 178 835 239 multitud.

303 258 476 340 quojusmodi
489 259 570 319 debet
582 279 650 330 esse,
664 258 782 341 perspici
795 279 841 338 pos

302 359 486 417 nonnunquam
501 338 616 398 alterum
631 341 666 399 'ex
681 339 765 398 altero
775 338 848 398 videl

302 418 433 493 ascribit,
451 415 682 498 quemadmodum
700 431 776 510 pater
792 419 854 478 ex'l

302 510 360 570 stre,
374 516 461 576 noque
471 499 563 558 minus
573 497 602 557 in
613 498 766 558 fornicibus
778 511 860 589 propt

302 590 366 637 stra
379 591 442 652 stat,
457 600 539 656 quam
557 591 667 659 propter
683 578 807 638 dextram
821 598 868 637 sm

301 671 351 718 ret
365 672 399 716 ox
407 659 487 718 rectis
494 658 601 718 casibus
610 657 729 750 obliqui,
743 669 769 717 el
780 679 814 719 ex
823 658 874 720 obl

302 758 306 797 ι
320 737 504 816 singularibus
515 737 712 813 multitudinis,·
725 752 797 799 etex
813 738 881 798 mult

310 816 378 877 lares
392 838 585 897 nonnunquam
599 817 752 911 recuperari
766 832 887 900 possunt.

314 897 407 957 iumid
419 898 589 979 potissimum
597 920 673 977 sequi
682 898 824 970 debemus,
834 911 863 956 ut
873 898 894 955 in

321 998 348 1036 m
360 977 396 1037 sit
410 979 439 1036 in
457 991 566 1054 natura,
583 976 699 1056 quodin
714 976 901 1036 declinationil

328 1056 389 1117 atio.
400 1057 491 1117 Facile
504 1070 543 1137 ost
556 1060 628 1117 enim
638 1055 863 1131 animadvertere,
875 1075 902 1137 p<

351 1135 448 1196 cadara
463 1158 543 1217 posse
559 1140 587 1197 in
609 1136 793 1218 impositiones
809 1157 865 1209 eas,
881 1136 902 1214 q'

340 1237 386 1294 lue
399 1217 427 1274 in
440 1217 520 1276 rectis
533 1217 640 1277 casibus
654 1215 852 1297 singularibus,
866 1237 902 1294 qn

347 1295 687 1376 ritietdispersivocabula
696 1297 777 1357 rebus
787 1297 899 1377 impouu

355 1396 368 1435 s
394 1375 482 1436 libido
500 1375 628 1449 invitavit
641 1390 766 1458 3·natura
784 1377 903 1456 incurro}

367 1468 463 1537 suapte
475 1471 579 1536 sponte,
592 1456 646 1516 nisi
658 1457 706 1536 qui
717 1478 776 1517 eam
790 1478 841 1516 usu
855 1456 902 1515 insi

370 1539 420 1596 61.
434 1538 526 1610 Quare
534 1537 556 1595 si
565 1536 627 1616 quis
637 1537 801 1618 principium
812 1537 902 1595 analon

381 1617 408 1674 in
422 1616 592 1676 naturalibus
603 1618 694 1672 mia--
