2250 3090
624 16 659 29 .,.
677 3 703 29 ω
733 13 742 42 ,
766 0 792 23 Η

339 77 463 111 Mum.
476 59 546 111 nmo
575 13 679 133 rosesoi
687 75 700 119 ,-
715 51 778 110 hinc
782 51 842 133 sau

298 113 392 193 eodem
401 132 482 213 salli
491 175 499 204 ,
514 153 541 190 se
576 130 728 208 etsalsum
750 131 845 210 otsall

298 214 389 287 nerea,
413 211 487 288 quod
509 210 591 270 fando
613 232 693 288 quem
719 208 854 290 decipit‚z

298 292 358 365 ixit,
371 292 460 352 faciat.
473 293 567 368 ltaque
590 290 612 348 si
629 290 691 366 quis
704 311 733 349 re
750 290 831 363 fallit,
848 291 856 348 i

298 374 332 430 ·io
350 372 458 429 nomino
469 369 586 445 fallacia,
602 368 651 428 sed
663 368 803 442 malatino,
818 383 865 428 ut.

298 472 312 509 s
326 450 428 509 lectiae
448 450 522 507 betae.
536 449 606 509 Hinc
620 448 700 506 etiam
706 448 870 528 famigera-

298 529 413 608 posititia
426 529 478 588 alia
493 528 569 602 ilem,
582 541 612 587 ut
624 526 761 587 declinata
779 529 875 604 multu,

298 622 364 667 uset
379 613 495 669 Fatuoe.
553 615 556 618 ’

298 689 330 747 ab
343 689 403 746 loco
415 687 531 760 dictum,
546 686 632 767 quod,
646 687 694 768 qui
708 688 797 768 primo
809 686 878 749 dici-

301 782 310 826 t
324 767 456 827 vocabula
469 782 495 828 et
510 768 613 846 reliquo
627 769 710 828 verba
725 767 804 839 dicit,
818 783 879 829 ante

307 870 358 926 que
372 848 430 907 loco
444 869 476 907 eu
488 848 578 907 dicore
589 862 686 928 potest,
702 848 774 908 hunc
785 847 877 927 Chry-

313 929 350 1004 1ui
361 950 370 1004 ;
383 926 431 987 sed
447 942 477 986 ut
485 926 562 1004 loqui
575 952 582 984 ε
594 948 677 1005 quare
688 940 719 985 ut
728 928 820 1005 imago
829 927 877 986 ho-

318 1028 385 1080 umo,
400 1007 440 1065 sio
453 1007 482 1064 in
495 1004 596 1077 corvis,
607 1005 772 1079 cornicibus,
786 1007 878 1086 pueris

324 1086 412 1145 otibus
420 1085 471 1144 furi
482 1084 565 1145 verba
575 1105 628 1143 non
636 1105 694 1143 esse
703 1084 796 1159 verba,
806 1084 879 1163 quod

330 1168 401 1245 gitur
413 1165 436 1224 is
446 1165 585 1244 loquitur,
596 1164 646 1242 qui
660 1185 709 1223 suo
719 1164 779 1223 loco
792 1163 879 1242 quod·

335 1265 359 1304 u
372 1245 459 1325 ponit,
469 1258 495 1302 et
506 1241 578 1303 istud
587 1243 784 1322 prolocutum,
797 1265 879 1322 quom

343 1324 414 1395 buit,
427 1324 526 1385 extulit
537 1322 682 1401 loquendo.
693 1356 735 1371 -
744 1324 794 1384 57.
809 1323 879 1383 Hinc

347 1425 369 1462 ιο
388 1403 503 1485 reloqui
516 1403 543 1461 in
557 1402 627 1463 sanis
644 1402 762 1478 Sabinis,
782 1403 880 1463 ecellu

353 1505 374 1541 r.
390 1484 461 1542 Hinc
475 1482 563 1541 dictus
578 1483 690 1562 loquax
704 1484 752 1562 qui
766 1483 880 1542 nimium

360 1563 481 1642 loquens
488 1563 540 1653 ¹qui
551 1563 659 1653 copiose
672 1562 793 1634 loquitur
802 1585 810 1600 ·
818 1563 862 1602 Η*

383 1654 546 1696 ΟΟῙΝΘΠΙΙΙΜ
570 1663 594 1674 ”“
