2250 3090
168 202 173 211 ἱ
190 133 250 195 1ῗὸ
463 136 547 194 irasc
567 152 704 198 neonus.
785 169 788 173 ·

190 274 264 335 runt,
279 272 326 319 aut
344 258 509 329 vitaverunt,
528 272 576 319 aot
592 258 752 342 inceperunt
774 272 866 342 neque
882 263 990 344 adsequi

191 341 457 420 potuerunt.'·-l0.
477 340 571 418 Itaque
592 340 621 398 in
645 361 676 399 eo
694 339 833 403 dissensio
855 362 992 435 neque'ea

190 417 347 480 uniusmodi
362 432 474 500 apparet
487 441 496 492 ;
510 439 573 479 narn
588 419 638 479 alii
653 419 688 480 de
707 423 842 484 omuibus
861 424 991 485 uniuersis

189 498 393 559 discriminibus
406 511 553 579 posueruut
567 520 720 573 numerum,
735 515 767 561 ut
782 504 939 586 Dionysius
949 502 992 566 Si-

185 579 303 653 -donius,
316 578 364 657 qui
381 577 492 717 scripsit
507 596 551 639 eas
564 599 620 639 esse
633 581 805 661 septuaginta
820 603 907 643 unam
924 583 991 654 ;alil

120 685 123 689 ²
188 659 273 800 partis
285 659 355 740 ejus,
370 678 430 737 qnae
706 659 712 672 ’

463 658 523 719 abet
533 680 611 718 casus
625 684 633 718 z
648 680 748 739 qquus
762 661 838 722 idern
852 662 901 722 hic
911 683 991 742 quom

208 741 260 800 icat
273 755 330 799 'esse
348 737 505 799 discrimina
517 737 694 818 quadraginta
711 754 826 821 septem,
843 742 991 803 Aristocles

186 819 293 879 rettulit
304 820 332 878 in
346 818 438 879 literas
450 818 686 898 quattuordecim,
701 821 898 883 Parmeniscus
913 835 987 899 octe,

186 901 225 961 sic
237 900 287 978 alil
297 900 425 981 pauciora
435 912 484 960 aut
496 898 586 978 plura.

220 984 276 1040 ll.
305 983 430 1056 Quarum
448 977 660 1039 similitudinum
680 978 703 1038 si
727 993 797 1040 esset
817 980 901 1062 origo
922 995 988 1045 reete

173 1073 266 1141 'capta
278 1075 304 1121 et
320 1059 386 1120 inde
403 1059 463 1119 orsa
476 1059 555 1123 ratio.
570 1058 661 1118 minus
675 1067 810 1119 erraretur
822 1060 855 1119 in
864 1060 988 1124 declina-

187 1140 307 1200 tionibus
328 1139 494 1216 verborum,
539 1160 635 1199 irarum
659 1159 709 1219 ego
754 1138 876 1221 rineipia
917 1141 987 1209 ,rima

186 1221 273 1279 duum
284 1239 413 1297 generum
425 1219 483 1278 sola
496 1159 613 1283 arliitror
625 1238 691 1290 esse,
699 1160 817 1300 -qdquae
828 1163 987 1281 similitudi-

187 1319 234 1359 nes
244 1299 317 1378 exigi
329 1310 450 1379 oporteat
462 1307 496 1357 :e
506 1298 568 1377 quis
577 1298 791 1436 unumpositum
800 1298 828 1357 in
842 1300 987 1361 verborum

186 1376 309 1453 materia,
319 1378 438 1438 alterum
450 1392 481 1437 ut
492 1377 519 1437 in
533 1378 651 1439 materiae
684 1398 764 1456 gnra,
779 1399 841 1457 quae
852 1378 986 1455 exdeeli·

149 1488 155 1502 ·
185 1458 293 1523 radone
302 1458 343 1517 fir.
355 1490 393 1507 -
403 1456 453 1518 tn.
469 1459 540 1518 Nam
552 1457 633 1518 debet
645 1478 701 1517 esse
714 1477 812 1531 uuum,
825 1472 860 1519 ut
874 1459 987 1521 verbum

170 1539 280 1613 acerbo,
305 1538 378 1599 unde
400 1536 562 1611 declinetur,
587 1538 623 1598 sit
642 1536 753 1614 simile,
775 1537 895 1599 alterum
919 1550 986 1599 ute

175 1619 270 1678 *verbo
278 1621 306 1678 in
316 1618 431 1679 verbum
441 1617 598 1690 declinatio,
607 1617 643 1678 ad
652 1638 733 1692 quam
746 1617 913 1695 conseratur,
921 1621 987 1697 ejus·

185 1697 324 1758 dammodi
333 1699 387 1775 sit3
398 1698 465 1757 alias
479 1698 553 1757 enim
563 1697 598 1756 ab
611 1697 748 1756 similibus
757 1696 850 1756 verbis
862 1698 985 1759 surriliter

185 1778 365 1848 declinantur,
374 1791 407 1851 ut
415 1778 451 1837 ab
462 1777 554 1848 herus,
562 1776 647 1852 ferris,
656 1776 733 1849 hero,
743 1776 803 1836 fero
813 1801 819 1835 ι
829 1776 899 1838 alias
907 1776 983 1837 dissi·

125 1900 128 1905 -
185 1857 286 1918 militer
299 1858 396 1933 herus,
405 1858 490 1932 ferus,
501 1856 574 1933 heri,
589 1856 685 1915 lerum.
700 1858 791 1931 Quom
803 1856 984 1937 utrumqueet

95 2820 155 2904 N

184 1939 303 1997 verbnm
321 1938 404 1999 verbo
419 1938 472 1998 erit
486 1936 575 1997 simile
594 1949 620 1996 et
637 1934 785 1996 declinatio
798 1935 983 2012 declinationi,

185 2024 244 2078 tum
255 2016 372 2096 denique
384 2016 473 2076 dicam
483 2036 539 2076 esse
548 2015 637 2077 simile
647 2061 655 2089 ‚
666 2037 698 2074 ac
708 2014 848 2095 duplicem
863 2031 891 2077 et
899 2018 983 2098 perle-

185 2111 256 2158 ctam
267 2096 475 2159 similitudinem
486 2096 593 2173 hahere,
603 2094 634 2156 id
642 2094 842 2176 quodpostulat
850 2096 982 2177 analogia.

197 2198 202 2206 ‘
225 2180 275 2238 tsi
293 2177 346 2239 Sed
364 2197 397 2236 ne
419 2176 533 2236 astutius
552 2175 649 2237 videar
666 2175 790 2256 posuisse
808 2174 865 2235 duo
889 2196 983 2257 genera

184 2279 241 2317 esse
264 2256 474 2318 similitudinum
495 2257 573 2331 sola„
589 2276 651 2315 eum
677 2255 819 2334 utriusque
843 2255 982 2316 inferiores

184 2338 286 2418 species
296 2339 350 2398 sint
363 2336 466 2418 plures,
479 2337 502 2395 si
516 2334 551 2396 de
560 2335 603 2396 his
616 2334 758 2407 redcuero,
773 2350 803 2395 ut
817 2335 887 2395 mihi
899 2336 980 2397 relin-

185 2438 267 2493 quam
285 2419 400 2478 latebras
420 2442 427 2477 z
444 2429 564 2497 repetam
580 2416 616 2475 ab
634 2413 739 2494 origine
758 2413 980 2489 sirrrilitudinum,

183 2517 243 2572 quae
258 2499 286 2556 iu
298 2496 465 2558 conferendis
477 2494 568 2557 rerliis
581 2508 608 2556 et
621 2494 649 2555 iu
660 2493 831 2555 declinandis
841 2495 981 2575 sequenda

185 2589 233 2632 ant
243 2577 360 2636 vitandae
374 2577 437 2638 sint.

198 2668 200 2673 ·
227 2654 276 2714 ll.
297 2657 392 2718 Prima
409 2655 558 2720 divisio‘in
576 2655 706 2732 oratione,
729 2655 805 2737 quod
827 2656 881 2733 alia
901 2656 996 2725 rerba,
