2250 3090
434 89 441 95 .
464 56 571 95 munus
587 54 639 95 nnn
651 55 715 109 ens,
730 54 799 112 quos
811 34 873 95 Livi

308 139 341 191 s,
371 116 400 176 ui
410 117 451 176 M.
466 115 608 195 Papirium
621 113 743 195 primum
754 113 884 175 Sacrificu

322 138 453 256 reiaiios
471 194 613 254 historicos
627 194 709 254 suerit
725 207 842 255 secutus.

308 277 393 339 Μ),
416 296 440 334 s.
462 296 491 337 v.
513 274 659 354 Sagmina
673 274 700 352 ].
720 276 894 337 -Versum

308 355 368 415 ieest
381 355 408 414 in
429 354 596 433 exemplari,
615 356 642 413 iu
658 353 780 435 margine
798 353 900 415 addidu

308 456 365 498 rna.
380 432 500 511 [Ennius
510 438 571 514 ομ]
583 432 905 511 Cicer0[ncm‚0ffic.ur,

308 514 374 573 ulma
385 556 394 584 ,
404 526 466 594 apta
476 513 578 593 pinnis,
591 529 616 572 ei
625 511 820 593 jusjurandum
833 515 910 575 Jovis

308 614 356 653 nec
389 593 426 652 ita
448 593 522 652 Festi
544 593 708 674 scripturam
736 604 807 651 recte
838 610 921 654 consu

309 685 337 732 et
355 671 432 732 alteri
455 672 549 751 glussae
576 672 661 753 hujus
680 672 828 752 fragmento
850 674 927 733 Pauli

308 764 359 811 ¹.ur.
380 752 463 811 Errat
481 753 600 833 profecto
625 750 847 827 Lindemannus,
867 756 914 833 qui

315 844 445 892 roratum
460 833 545 891 Jovis
561 852 575 891 s
616 835 694 890 mine
709 832 787 892 nohis
807 854 857 914 pro
869 855 939 894 versi

322 910 441 1051 ειὲιίὴὲῑ.
463 909 520 972 Sed
540 909 574 969 de
622 912 643 971 is
668 911 825 990 caetnrisqne
845 914 944 994 hujusu

331 996 386 1132 (57.
410 1091 433 1130 s.
457 1092 484 1129 v.
506 1069 796 1148 salentinos].-1n
820 1074 952 1151 exemplu

346 1151 367 1209 d
455 1198 461 1209 .
488 1200 494 1211 .
523 1195 528 1208 .
552 1149 625 1226 quod
648 1170 792 1229 operarum
820 1149 887 1208 virio
912 1172 953 1209 nur

345 1250 352 1288 ι
372 1250 475 1290 ressum
491 1242 542 1291 est.
563 1228 608 1287 Ex
631 1249 662 1286 eo
683 1229 833 1309 fragmento
846 1248 894 1289 nos
910 1231 953 1288 suc,

350 1251 452 1371 iicunt.
468 1313 478 1385 (
494 1311 560 1369 Urs.
577 1309 633 1368 Nos
656 1306 742 1380 alibi,
756 1307 858 1368 Ursino
873 1331 951 1368 mune

361 1410 407 1467 us,
421 1404 451 1450 ut
464 1411 493 1470 p.
508 1391 577 1463 126,
603 1409 624 1447 s.
651 1408 678 1449 v.
702 1387 893 1467 Syroruorus;
905 1414 933 1471 p.

364 1482 501 1530 ”ameum
518 1469 595 1549 Saepe
605 1481 692 1527 tamen
705 1468 885 1549 econjectura
901 1471 947 1531 diu

370 1552 411 1627 n]
426 1569 596 1631 reposuimus
609 1591 616 1617 ‚
630 1548 678 1609 ubi
691 1548 771 1629 plane
784 1548 874 1609 dcem*

376 1650 429 1689 ‘um
442 1627 608 1689 uocabulum
638 1628 663 1662 ¹⁶·
