2040 3420
499 604 525 650 r
871 592 905 666 ri

108 720 209 781 enatus
228 728 277 774 ant
295 714 332 773 ita
353 725 461 792 septus,
477 724 507 770 ut
527 732 559 772 ea
580 730 634 771 una
653 723 730 791 parte
746 725 849 792 puteat,
862 733 911 772 an-

109 798 198 878 gulus
210 792 284 874 quud
297 791 417 851 adfixus⁶
429 790 526 850 habent
539 788 576 849 ad
585 803 693 850 terram.
701 789 840 867 manalis
852 792 912 852 inus

112 875 266 956 appelletur
276 873 312 931 ab
325 869 485 949 Auguribus
502 883 600 950 puteus
646 870 753 942 renuis,
768 889 855 948 neque
871 885 912 931 ta-

112 974 176 1015 rnen
184 951 367 1035 spiciendiusi
382 948 501 1024 videtur,
512 949 577 1027 quia
598 890 699 1009 fliremm
721 948 752 1006 id
767 949 912 1029 spiciatur,

111 1031 187 1112 quod
203 1052 253 1092 sun
271 1043 367 1110 sponte
384 1028 531 1088 innmnern
552 1027 657 1088 influat.
686 1027 813 1105 ffbianes
826 1029 864 1089 Di
876 1029 912 1088 ab

109 1111 275 1193 Auguribus
298 1110 472 1183 invocentur,
495 1106 598 1188 quodi
616 1128 665 1188 per
691 1108 782 1168 omnia
802 1107 912 1168 etheria

142 1256 170 1322 [¹
176 1256 260 1322 potui.
277 1252 336 1304 nui.
351 1251 475 1304 ³occultus
495 1265 520 1303 et
538 1251 641 1306 abdita.
656 1253 722 1307 tulit.
737 1253 908 1308 ⁵trtlsuessent.

106 1320 283 1389 ⁶angulosque
294 1318 402 1370 adfixos.
415 1317 601 1386 rapiciorum]

446 1582 523 1666 Peg.
541 1581 574 1646 6.

106 1751 275 1813 terrenaeque
299 1749 306 1770 ¹
327 1736 446 1812 [manare
467 1735 620 1798 credantur.
654 1738 775 1816 bidem,
797 1739 844 1799 Dii
863 1762 909 1800 su·

107 1816 168 1899 peri
177 1829 265 1893 'atque
279 1813 359 1873 inferi
380 1811 554 1893 [dicebantur
570 1841 576 1874 :
611 1838 662 1878 uos
672 1817 735 1878 ideo
748 1818 911 1880 inuocabant

107 1901 261 1974 Augures,
288 1893 361 1970 quod
389 1895 418 1953 hi
451 1839 699 1973 [existimabuntur
728 1898 820 1957 favere
847 1899 910 1957 vitae

106 1972 700 2051 bominumffiMunus,aitVerrius‚dicitur
710 1976 908 2035 administratio

106 2053 178 2134 reip.
199 2053 210 2132 (
220 2052 299 2133 publi
307 2052 391 2132 [cae,)
411 2052 476 2112 item
499 2052 687 2132 magistratus,
700 2068 746 2112 aut
769 2055 908 2134 prefectu-

106 2154 160 2207 rae,
176 2132 291 2211 imperi,
313 2131 493 2211 [provinciae,
512 2151 577 2192 curn
598 2132 783 2193 multitudinis
798 2133 907 2194 univer-

107 2233 143 2270 sae
163 2231 310 2284 consensu,
320 2213 411 2290 [atque
428 2212 557 2292 legitimis
576 2212 605 2271 in
622 2233 707 2272 unum
723 2215 922 2275 convenientis

106 2290 206 2371 populi
236 2290 371 2368 comit[iis
390 2291 472 2351 alicui
502 2291 646 2352 mandetur
678 2314 727 2374 per
760 2294 905 2375 suffragiu,

108 2384 141 2429 ut
157 2391 254 2450 capere
274 2391 333 2430 eam
353 2371 455 2449 [possit
472 2372 551 2452 jussu
575 2373 670 2452 populi
693 2370 905 2437 demandatam:

107 2458 183 2509 certo
198 2470 232 2509 ve
244 2470 278 2509 ex
300 2451 440 2528 [ternpore
454 2472 488 2513 ex
502 2451 557 2511 fide
577 2472 649 2513 sun:
663 2466 689 2512 et
707 2467 810 2513 certum
824 2475 910 2532 usquc

107 2542 136 2588 st
150 2541 161 2567 ²
175 2541 284 2608 tempus
302 2528 376 2588 adrui
384 2531 518 2607 [nistrare.
551 2532 572 2609 Ἱ
584 2534 707 2592 Monstra
720 2531 850 2593 dicuntur
862 2553 911 2592 nu·

107 2621 176 2667 turae
186 2607 298 2667 modum
313 2609 516 2688 c[gredicntia=
533 2626 564 2671 ut
577 2632 686 2692 serpens
699 2632 762 2672 cum
780 2612 909 2693 pedibus,

108 2691 170 2748 aris
181 2708 244 2747 cum
256 2702 322 2766 quat
329 2692 402 2767 [tuor
415 2688 485 2763 riis,
500 2690 655 2752 homocum
675 2689 784 2750 duobus
798 2690 909 2770 capitib.

104 2767 189 2846 jecur
212 2788 276 2828 cum
302 2767 358 2829 dist
366 2768 454 2846 [abuit
475 2769 504 2827 iu
527 2771 677 2850 coquendo.
713 2770 823 2847 ffMutn
847 2785 908 2832 exte

107 2845 268 2927 dicuntur,
305 2849 406 2927 quibus
467 2850 557 2929 ni[bil
611 2849 813 2925 divinationis,
862 2867 909 2912 aut

107 2926 233 3009 responsi
280 2930 291 3006 [
323 2927 441 2988 elicitur.
481 2934 521 2992 Ut
563 2945 672 3005 contra,
693 2927 821 2990 dicuntur
862 2931 908 2992 ed-

104 3006 231 3085 jutcrin,
253 3029 315 3087 que
346 3010 480 3087 [certum
508 3008 614 3088 aliquid
645 3022 805 3069 eventurum
832 3010 908 3071 indi-

108 3101 194 3163 cant,
230 3102 280 3149 aut
316 3089 352 3151 ab
395 3088 538 3164 iu[cendic
570 3102 602 3149 ut
644 3109 786 3153 caveamus
811 3135 821 3166 ,
859 3104 908 3151 aut
