2250 3090
206 174 307 235 ,194
396 155 398 161 ’
527 190 781 233 nrnnnoornws.

286 295 336 354 tt.
352 291 469 354 Nomina
483 289 654 353 declinantur
667 306 714 352 ent
725 291 755 351 in
766 312 862 353 earnm
875 280 969 355 rerut'n
986 291 1040 353 dn

245 372 369 450 erimina,
391 393 506 450 qnorum
528 371 637 431 nomine
648 386 721 444 sunt,
734 385 766 432 nt
782 394 799 432 a
818 372 974 447 Terentius,
992 374 1042 435 Te-

246 456 340 513 renti:
354 465 402 511 ont
418 451 446 510 in
458 473 502 511 ens
513 473 556 511 res
569 452 745 525 extrinsecus,
760 474 879 531 quarum
890 474 921 513 ea
938 452 1043 513 nomino
1059 471 1065 485 ·

246 552 299 593 non
313 544 387 605 sunt,
403 545 433 590 ut
442 531 477 591 rb
487 553 557 610 equo
570 535 680 610 equiso.
692 533 723 593 In
735 544 784 592 sna
793 530 954 593 discrimina
966 531 1042 593 dedi·

246 625 346 672 nentur
366 623 415 670 ant
432 612 542 692 propter
562 610 648 692 ipsius
674 613 713 671 rei
728 626 871 685 naturam,
885 612 920 673 de
939 610 1045 691 quodie

245 692 327 766 citur,
340 704 387 750 aut
399 704 511 772 propter
525 690 610 763 illius,
621 689 669 769 qni
687 690 761 751 dicit.
775 694 892 772 Propter
910 692 996 773 ipsitu
1006 691 1042 753 rei

244 770 401 832 discrimtna
416 785 463 830 aut
477 772 512 830 ab
526 785 595 846 toto,
611 770 699 830 *ante
713 784 800 852 parte.
816 770 859 831 Ab
871 772 956 846 toto*‚
970 769 1041 833 ntnlt

245 851 356 911 homine
365 851 572 929 homunculus,
587 848 622 909 ab
635 851 722 930 capite
739 851 925 932 capitulum:
938 864 1041 934 propter

245 930 460 1002 multitudinem,
476 942 507 989 nt
525 930 560 989 ab
575 929 685 989 homine
697 932 832 993 homiues
838 955 851 1002 ‚·
865 932 902 991 ab
916 953 960 1007 eo,
975 929 1041 1011 quod

245 1008 295 1071 atii
304 1010 415 1082 dicunt‚.
428 1012 560 1087 cervices,
569 1012 585 1044 *
596 1009 625 1070 id
640 1011 781 1071 Ortensins
794 1011 823 1070 in
837 1012 971 1092 poematis
982 1029 1040 1075 oet-

249 1092 407 1152 viu-15.
423 1092 490 1164 Quae
503 1112 519 1149 e
533 1104 609 1170 perte
623 1089 767 1163 declinata,
779 1104 827 1150 ant
845 1112 861 1149 n
882 1100 1042 1173 corpor-unt

246 1191 262 1227 a
283 1191 401 1229 memma
421 1190 630 1242 mommosae,a
653 1191 734 1230 mann
753 1173 934 1230 manubria:
951 1166 1043 1243 autel,

246 1249 348 1324 animo,
364 1263 421 1309 nta
437 1248 579 1329 prudentio
591 1252 730 1330 prudeus,
745 1250 780 1308 eh
796 1251 905 1330 ingenio
918 1253 1041 1327 iugenio·

248 1332 282 1388 si.
289 1331 353 1389 Haec
364 1331 446 1389 since
468 1328 639 1404 itotionibus3
650 1342 677 1389 at
690 1329 735 1388 ubi
745 1343 837 1391 motus
848 1332 976 1411 majores,
986 1331 1040 1403 item

247 1406 429 1483 abanimo,nt
437 1349 471 1468 al
480 1408 666 1469 strenuitateet
678 1407 828 1487 nobilitate,
837 1412 953 1469 streuui
962 1423 989 1469 ot
999 1428 1042 1471 uo·

247 1488 331 1553 biles.
347 1489 421 1550 Sion
437 1488 583 1570 pugnando
597 1504 622 1548 et
637 1486 771 1549 currendo
781 1512 821 1568 pu
847 1490 897 1559 'les
912 1503 939 1550 et
950 1508 1043 1551 cursor

247 1589 304 1629 res.
320 1570 360 1630 Ut
373 1568 433 1649 alie
446 1568 637 1629 declinationes
650 1569 684 1628 ab
697 1568 799 1643 animo,
841 1571 874 1628 iae
888 1591 905 1629 a
918 1588 1039 1651 corpore:

248 1648 289 1708 sin
301 1648 369 1725 aliae,
383 1671 443 1729 quae
455 1663 529 1708 extro
543 1649 692 1725 hominem,
706 1661 737 1708 nt
744 1652 911 1727 pecuniosi,
926 1650 1042 1732 tigrani,

248 1728 322 1808 qnod
333 1730 398 1789 loris
408 1729 522 1810 pecunie
536 1744 561 1788 et
573 1749 646 1808 ager.

289 1810 339 1883 16.1
352 1811 466 1890 Propter
479 1829 573 1868 eornm
593 1809 641 1888 qni
655 1807 762 1889 dieunt,
777 1822 840 1868 sunt
859 1806 989 1870 declinati
1005 1828 1040 1868 ea·

250 1908 308 1960 rus,
323 1890 364 1949 nti
378 1888 460 1968 isqui
479 1885 515 1947 de
536 1889 620 1948 altero
635 1888 744 1962 diceret,
760 1886 930 1968 distinguere
952 1899 1039 1981 nosset,

249 1988 331 2046 quom
346 1983 463 2043 vocaret,
478 1989 561 2043 quom
574 1967 662 2040 daret,
677 1989 760 2047 qnonr
775 1983 931 2028 accusaret:
946 1991 985 2029 sio
997 1966 1041 2027 ulit

250 2047 462 2107 e'usdemmodt*
477 2045 642 2123 discrimina,
654 2068 714 2126 qnae
725 2068 774 2106 nos
786 2062 812 2107 et
827 2048 938 2109 Graecos
951 2046 987 2107 ad
997 2044 1040 2107 dt-

250 2070 406 2187 elinandum
420 2126 569 2186 duxerunt.
582 2129 646 2188 Sine
658 2128 839 2187 controversie
849 2142 914 2187 sunt
923 2126 1040 2207 quinquo

250 2208 319 2283 Qnis
333 2221 452 2280 vocetur,
467 2221 496 2266 ut
510 2208 652 2267 Hercules
660 2230 673 2278 ;
684 2206 916 2285 quemadmodum
929 2221 1041 2276 vocetur,

251 2302 281 2347 nt
300 2289 428 2348 Hercule
434 2316 445 2361 ,-
460 2309 514 2366 quo
537 2302 660 2371 vocetur,
679 2301 708 2345 ut
726 2286 761 2346 ed
783 2289 971 2359 Herculem*;
985 2280 1040 2365 quoi

251 2382 371 2437 moeror,
386 2381 416 2428 nt
435 2367 557 2429 Herculi
567 2394 578 2440 ;
595 2368 692 2448 qnojns
709 2379 833 2443 vocetur,
857 2375 887 2429 u't
901 2364 1040 2429 Herculis.

250 2450 346 2511 -t7.
363 2452 520 2528 Propterea
542 2448 623 2508 verba
642 2467 701 2526 qnae
714 2461 789 2507 erent
799 2442 937 2528 'proinde‘
953 2463 1040 2527 cogno·

251 2528 362 2601 minata,
381 2542 411 2587 ut
430 2530 570 2607 prudens⁸
595 2527 751 2603 candidus,
767 2540 915 2601 strenuus,
932 2521 1040 2608 quodi!

252 2604 294 2665 his
334 2623 440 2667 raeterea
462 2621 527 2667 sont
549 2605 706 2667 discrimina
718 2621 829 2689 propter
843 2607 1034 2675 incrementum,

252 2630 332 2762 qnod
341 2687 429 2768 majus
448 2687 493 2750 vel
502 2687 592 2749 minus
606 2688 636 2748 in
648 2686 691 2748 his
702 2708 759 2748 esse
771 2701 868 2771 potest,
881 2681 1035 2751 acousdd‘*
