2250 3090
204 188 262 250 168
503 206 592 245 urum
612 205 718 245 nouos.

203 319 304 400 pullos,
320 317 388 377 utin
400 317 500 400 pomis,
513 338 566 397 quo
578 317 633 378 sint
644 336 733 377 succo.
746 317 780 380 si
788 318 876 398 igitur
887 319 958 380 'idem
966 341 998 380 se·

222 399 296 458 uitur
311 397 338 458 in
352 397 532 458 similitudine
546 398 690 457 verborum
706 397 784 476 quis,
801 399 998 481 reprehendun·

201 421 269 537 ilum
281 498 335 537 uon
349 491 398 541 ost.
413 510 455 526 -
467 479 515 537 9t.
529 479 623 552 Quare
632 476 895 539 dissimilitudinum
907 480 998 541 discer-

203 557 351 617 nendarum
358 578 438 617 eausa
446 578 638 636 nonnunquam
648 570 678 615 ut
688 577 843 638 pronomen
851 562 997 632 assumitur,

202 637 241 696 sio
254 659 345 696 rosum
364 637 481 717 aliquem
499 636 611 696 assumi.
630 638 710 696 Utin
726 636 773 696 bis
792 658 903 711 nemus,
921 640 997 721 lepus.

203 719 251 775 hie
264 718 356 798 lepus,
372 716 426 776 lroo
442 736 542 776 nemus
558 741 564 774 :
581 717 619 775 ite
630 716 775 776 discedunt
789 738 823 777 uc
835 712 965 779 dicuntur
975 721 1000 779 tn·
1035 732 1038 771 t

203 798 322 876 lepores,
340 801 401 856 lroec
411 816 541 857 nemora.
559 794 607 855 sie
618 796 691 863 eliud
707 796 729 854 si
746 796 819 874 quid
836 814 996 880 assumptum

203 879 254 936 erit
267 877 442 952 extrinsecus,
458 897 512 954 quo
527 875 676 934 similitudo
687 875 797 957 penitus
808 880 931 959 perspici
943 898 995 960 por·

202 956 237 1015 sit
254 980 261 1013 ε
276 958 394 1016 nouerit
409 969 540 1015 remotum
553 977 569 1014 e
582 968 688 1029 natura,
703 976 793 1032 ueqoe
810 959 886 1016 euim
901 978 996 1037 magor·

201 1050 243 1095 tes
255 1036 359 1117 lapides
369 1036 434 1112 duo,
446 1037 515 1094 inter
527 1055 555 1094 se
564 1034 665 1093 similes
678 1034 732 1115 siut
743 1054 841 1107 neone,
852 1036 996 1118 perspicere
1036 1070 1038 1075 ·

239 1118 300 1188 sris,
323 1115 375 1174 nisi
399 1118 534 1174 minutum
555 1115 721 1176 extrinsecus
739 1134 828 1194 prope
848 1115 995 1198 opposueris

213 1215 315 1267 errum,
333 1193 409 1272 quod
417 1195 519 1254 similes
531 1193 636 1275 lapides
651 1193 775 1253 similiter
789 1194 910 1269 ducunt,
924 1196 994 1256 dissi-

203 1272 303 1332 militer
314 1273 468 1334 dissimiles.

243 1353 293 1416 95,
311 1353 393 1427 Quod
409 1354 444 1412 ad
458 1353 646 1413 nominatunm
662 1351 805 1431 analogian
821 1355 949 1436 pertinet,
965 1355 995 1413 ito

202 1430 367 1492 delibutum*
379 1433 506 1508 arbitror,
524 1446 554 1492 ut
570 1434 659 1492 omnia
676 1452 736 1510 quae
753 1432 887 1495 dicuutur
903 1448 994 1505 coum,

202 1509 238 1570 ad
250 1511 466 1591 respondendum
477 1512 565 1573 abbis
577 1512 697 1572 fontibus
710 1512 781 1571 sumi
795 1514 912 1594 possint.
922 1510 995 1590 Quod

201 1591 238 1650 ad
245 1594 390 1653 verborum
405 1592 594 1673 temporalium
607 1594 735 1657 rationem
746 1591 852 1669 attinet,
866 1614 931 1652 cum
942 1614 994 1675 prr·

201 1685 240 1730 tes
257 1672 310 1732 sint
327 1686 453 1750 quotuor,
473 1685 635 1752 temporum,
657 1691 847 1751 personarum,
863 1693 993 1753 generum,

199 1749 375 1822 divisionum,
386 1773 419 1810 ex
431 1752 505 1810 omni
517 1764 592 1832 parte
602 1750 728 1830 quoniam
740 1752 956 1832 reprehendunt,
965 1748 993 1810 od

201 1829 306 1908 singula
317 1830 494 1911 respondebo.

240 1911 290 1970 96.
310 1913 432 1970 Primum
450 1909 523 1987 quod
538 1909 614 1968 aiunt
627 1908 764 1991 analogias
781 1930 836 1968 non
852 1911 955 1971 servari
969 1909 992 1968 in

200 1991 378 2070 temporibus,
390 2011 453 2049 oum
464 1989 556 2050 dicent
568 1990 636 2070 legi,
647 1991 721 2066 lego,
733 1990 827 2069 legam
841 2005 866 2049 et
878 1993 919 2051 sic
930 1989 993 2050 simi·

200 2068 327 2128 litoralia
340 2094 347 2141 ;
361 2090 423 2128 uam
432 2090 492 2147 quae
504 2071 558 2129 sint
569 2081 600 2128 nt
609 2069 662 2160 legi
675 2071 825 2149 perfectum
837 2071 991 2147 significare,

200 2149 256 2208 dun
276 2149 379 2226 reliqua
398 2149 459 2228 lego
476 2162 502 2208 et
520 2147 623 2228 legam*
639 2150 794 2208 inchoatum
812 2172 820 2206 τ
837 2151 938 2229 injuria
955 2170 992 2208 re-

199 2228 383 2308 prehendunt.
402 2231 473 2288 Nem
492 2250 527 2287 ex
543 2228 635 2287 eodem
657 2248 751 2308 genere
769 2243 795 2288 et
814 2250 850 2288 ex
866 2228 992 2288 divisione

199 2308 273 2368 idem
287 2309 410 2383 verbnm,
428 2307 502 2386 quod
516 2321 655 2388 sumptum
673 2321 723 2381 ost,
739 2314 791 2388 per
807 2321 929 2390 tempora
942 2321 990 2366 tra·
1034 2332 1038 2401 p

199 2386 264 2446 duci
280 2401 377 2468 potest,
392 2401 422 2446 ut
440 2387 597 2462 discebam,
617 2389 707 2462 disco,
727 2389 850 2463 discam,
864 2404 889 2448 et
906 2386 989 2446 eadem
1036 2408 1038 2417 ·

199 2468 321 2601 perfecti,
343 2469 383 2528 sic
399 2469 577 2539 didicerem,
599 2469 699 2544 didici,
719 2468 858 2526 didicero.
878 2470 922 2528 Ex
942 2485 989 2545 quo

213 2545 264 2603 ioet
283 2548 351 2606 scire
369 2547 514 2607 verborum
531 2548 660 2606 rationem
679 2558 811 2623 constare,
829 2547 877 2606 sed
894 2567 937 2606 eos
946 2544 987 2623 qni

199 2623 285 2682 trium
300 2638 452 2706 temporum
473 2626 556 2686 verba
576 2626 760 2708 pronuntiare.
769 2627 866 2705 velint,
882 2626 987 2688 scienter

200 2699 231 2760 id
244 2703 340 2764 larem.
353 2706 453 2766 -9r.
468 2706 536 2767 Item
545 2705 635 2767 illud*
643 2706 855 2788 reprehendunt,
868 2701 984 2787 quoddi·
