2250 3090
166 138 225 195 tto
437 153 524 191 nrosn
545 152 687 193 uncturus

164 266 322 341 dicendum,
334 265 406 344 quod
420 286 451 325 ea
465 286 508 324 res
521 278 560 324 est
570 263 780 326 fundamentum
792 266 915 327 omnium
921 268 961 327 de·

164 347 339 408 clinationunr
357 367 389 404 ac
408 344 525 404 continet
541 344 670 403 rationem
686 346 853 408 verborum.
875 348 961 409 Simile

164 441 214 498 ert,
232 424 305 504 qnod
320 446 364 483 res
379 425 521 505 plorasque
533 424 630 483 lraLere
642 423 757 484 videtur
770 427 890 499 easdem,
902 448 961 506 quos

164 504 237 565 illud
248 506 346 584 quujus
360 504 427 584 quid
440 504 539 565 simile.
550 502 690 563 Dissimile
704 519 757 580 ost,
771 504 847 585 qood
859 507 961 567 videtur
995 508 1000 523 '

164 606 220 655 esse
236 596 401 643 contrarium
415 585 507 665 hujus.
526 583 673 643 Minimum
688 605 722 643 ex
740 582 854 646 duobus
868 600 962 647 constet

164 678 243 725 omne
260 665 360 736 simile,
377 665 441 724 item
452 662 600 733 dissimile,
619 663 693 741 quod
713 664 787 723 nihil
804 680 893 744 potest
912 687 961 726 esse

163 744 263 817 simile,
279 744 343 822 quin
353 745 469 823 alicujus
482 745 518 802 sit
528 743 626 816 simile,
641 743 706 802 item
718 745 791 803 nibil
801 744 960 805 dieiturdis·

151 824 263 898 ¹similo,
279 824 344 902 quin
360 823 493 895 addatur,
510 823 608 902 quojus
622 823 657 881 sit
670 821 817 883 dissimile.
829 858 869 871 —
880 826 908 883 l.
922 824 959 885 Sit

163 904 265 967 dieitur
275 904 373 963 similis
381 902 463 963 homo
475 901 591 974 homini,
604 923 686 980 equos
695 924 778 981 equo,
788 918 815 963 et
824 903 959 963 dissimilis

163 984 245 1045 homo
258 1004 327 1061 equo
340 1007 349 1060 3
365 1004 426 1040 num
438 982 525 1040 simile
537 995 576 1041 est
588 981 669 1041 homo
682 983 801 1054 homini,
817 984 882 1043 ideo
894 982 958 1062 quod

164 1062 271 1124 easdem
281 1064 382 1142 figuras
393 1060 576 1121 membrorum
588 1061 699 1133 habent,
708 1084 770 1140 quae
781 1084 827 1122 eos
839 1062 959 1123 dividunt

165 1144 201 1202 eb
213 1143 260 1202 reli
282 1164 378 1201 uorum
393 1141 551 1200 animalium
564 1141 671 1220 specie:
686 1141 713 1200 in
725 1143 794 1222 ipsis
807 1142 959 1201 hominibus

163 1223 247 1282 simili
258 1165 293 1281 de
310 1243 389 1281 causo
404 1221 448 1281 vir
463 1220 524 1279 viro
542 1220 669 1291 similior,
685 1242 768 1300 qnam
784 1222 828 1281 vir
848 1220 959 1295 mulieri,

161 1302 238 1380 quod
249 1302 336 1383 pluris
352 1300 451 1359 babent
466 1299 575 1359 easdem
587 1301 692 1381 partis3
711 1302 791 1360 etsie
807 1303 899 1362 senior
909 1300 958 1361 seui

161 1381 288 1455 similior,
302 1402 384 1459 quam
401 1384 495 1461 puero.
513 1382 555 1441 Eo
568 1400 649 1460 porro
666 1379 814 1440 similiores
827 1395 902 1456 sunt,
915 1379 957 1459 qui

161 1460 228 1522 faeie
239 1482 347 1540 quoque
356 1480 431 1541 paeoe
442 1458 547 1533 eadem,
562 1460 656 1519 lubitu
667 1464 791 1539 corporis
800 1475 828 1520 et
839 1461 898 1522 filo.
911 1462 959 1521 lte-

163 1563 214 1621 que
224 1541 271 1620 qui
280 1543 360 1624 plura
374 1538 473 1599 habent
482 1538 585 1612 eodem,
596 1539 726 1599 dicuntur
738 1540 904 1601 similiores:
916 1538 959 1619 qni

163 1642 294 1703 proxume
302 1618 436 1681 accedunt
441 1618 477 1677 ad
489 1618 528 1690 id,
539 1632 569 1679 ot
578 1619 667 1677 omniu
677 1618 957 1697 haheontendem3to·

163 1716 256 1762 centur
266 1700 382 1780 gemini,
394 1698 538 1759 simillimi.
713 1702 717 1709 '

202 1784 230 1842 5.
244 1783 313 1841 Sunt
328 1780 376 1858 qui
389 1777 438 1838 tris
452 1792 561 1837 naturas
573 1797 665 1837 rerum
678 1792 775 1859 putent
790 1800 851 1839 esse
863 1778 957 1848 simile,

161 1859 302 1936 dissimile,
310 1857 536 1935 neutrum„quod
545 1857 613 1916 alias
621 1871 717 1917 vocent
724 1879 778 1917 noo
787 1858 889 1933 simile,
898 1859 958 1918 atio

161 1959 215 2001 non
228 1937 359 1999 dissimile
374 1963 381 1996 :
397 1937 476 2017 †sed
488 1937 612 2015 quemvis
628 1937 679 1997 tria
694 1937 750 1997 sint
765 1938 866 2013 simile,
881 1937 958 1998 dissi·

161 2020 235 2093 mile,
259 2032 396 2094 neutrum,
420 2032 507 2077 tamen
528 2029 616 2097 potest
630 2015 720 2077 dividi
738 2018 820 2077 etiam
844 2018 873 2077 in
891 2018 958 2077 dues

161 2113 250 2179 partes
263 2100 313 2177 sic,
327 2099 508 2176 quodcunque
520 2096 653 2172 conferes,
669 2112 717 2157 eut
729 2097 821 2157 simile
834 2118 904 2177 esse,
915 2108 958 2155 out

161 2198 214 2240 non
228 2200 284 2238 esse
300 2203 306 2236 :
322 2179 344 2257 ’ς
357 2177 446 2237 simile
459 2198 516 2236 esse
522 2190 551 2243 et
561 2174 703 2252 dissimile,
716 2178 738 2236 si
753 2177 883 2237 videatur
896 2195 956 2250 esse,

161 2273 191 2318 ut
204 2259 286 2335 dixi3
302 2273 438 2333 neutrum,
456 2256 479 2315 si
497 2256 526 2314 in
540 2269 661 2315 neutram
678 2270 785 2337 partem
801 2254 958 2338 praeponde-

161 2353 212 2416 ret,
227 2353 265 2414 ut,
278 2339 302 2398 si
315 2339 376 2398 duae
396 2359 448 2411 res,
462 2357 521 2415 quoe
537 2335 723 2412 conferuntur,
739 2336 850 2397 vicenos
864 2336 958 2397 hebent

161 2433 259 2497 partos,
271 2432 298 2478 rt
309 2419 338 2479 in
351 2418 394 2477 his
407 2417 489 2477 denes
501 2415 619 2475 habeant
628 2416 745 2489 eosdem,
753 2415 838 2475 dones
850 2412 957 2483 elinsud

160 2497 368 2559 similitudinem
382 2512 410 2557 et
424 2493 675 2555 dissimilitudinem
693 2517 769 2575 aeqoo
788 2492 957 2556 animadver-

162 2577 263 2641 tendas.
279 2582 354 2639 Hanc
372 2591 496 2637 naturum
508 2575 633 2658 plerique
648 2575 801 2657 subjiciunt
812 2575 865 2637 sub
878 2573 957 2637 disti·

161 2656 324 2719 militudinis
333 2678 441 2727 nomen.
