2040 3420
112 108 133 163 k
385 123 472 163 tiara
494 122 636 175 Quiurus.

112 252 128 287 a
142 241 219 309 poeta
232 226 315 287 Livio
325 225 441 288 relicta?
455 261 492 273 -
507 228 554 285 10.
567 225 658 306 Igitur
669 228 804 307 quoniam
817 231 847 292 in
858 232 911 294 hac

110 322 174 367 aunt
187 306 321 398 tripartita
335 306 437 382 verba,
451 328 511 385 quae
525 319 588 364 suut
599 319 647 366 aut
656 322 752 368 nostra
767 312 911 373 autalieua

109 402 157 447 aut
177 387 296 446 oblivia:
312 386 347 445 de
360 385 459 445 nostris
481 386 571 445 dicam
593 407 644 445 cur
663 386 740 465 sint,
762 387 801 449 de
819 391 912 453 alienis

109 466 182 526 uude
193 467 255 541 siut,
266 465 301 525 dc
311 465 423 525 obliviis
435 465 596 544 relinquam.
607 467 736 541 Quorum
746 471 851 549 partim
859 492 911 551 qua

108 547 145 606 ita
160 545 308 607 invenerim
319 545 418 626 partim
431 567 486 622 quo
495 548 510 578 ³*
524 546 561 604 ita
568 545 664 625 opinor
675 548 807 607 scribam.
818 553 852 611 In
863 552 910 611 hoc

107 627 179 686 libro
194 626 284 686 dicam
297 624 331 684 de
341 624 480 685 vocabulis
490 625 614 684 locorum
622 638 649 684 et
657 647 721 704 quae
735 627 765 687 in
776 628 822 689 his
834 644 909 690 suut:

108 709 135 765 in
161 704 278 766 secundo
301 704 334 764 de
357 716 627 784 temporum.etquae
652 705 681 764 iu
701 706 748 766 his
773 706 866 785 flunt;
884 711 910 771 iu

107 787 186 845 tertio
198 784 233 844 de
247 797 358 862 utraque
372 805 402 842 re
412 806 427 843 a
437 784 739 865 poetisromprehensa.

149 870 196 924 tt.
214 864 381 945 Pythagoras
394 864 501 924 Samius
521 864 559 923 ait
570 863 693 924 omnium
716 887 814 929 rerum
833 868 908 930 initia

108 966 166 1006 esse
177 945 254 1018 bina,
269 956 299 1002 ut
309 943 417 1004 finitum
427 958 453 1003 et
467 943 620 1017 infinitum,
634 943 773 1007 bonumat
784 948 906 1021 malum,

107 1025 193 1085 vitam
205 1039 232 1084 et
241 1037 364 1096 mortem,
380 1022 453 1082 diem
466 1039 493 1084 et
505 1037 619 1084 noctem.
635 1025 729 1098 Quare
742 1024 811 1086 item
831 1027 889 1089 dua
897 1072 907 1105 ,

49 1142 52 1147 -
106 1119 190 1164 status
201 1118 228 1164 et
239 1116 342 1162 motus:
364 1103 438 1181 quod
452 1117 504 1163 stat
514 1117 561 1162 aut
573 1104 700 1183 agitatur,
721 1124 847 1186 corpus3
862 1108 907 1169 ubi

106 1184 234 1263 agitatur,
246 1183 323 1241 loeus
335 1208 344 1254 ς
358 1182 426 1241 dum
438 1183 575 1261 agitatur,
591 1196 719 1263 tempus3
738 1185 818 1263 quod
829 1188 906 1247 estin

107 1263 210 1342 agitatu
232 1262 314 1325 actio.
337 1261 553 1342 Quadripartitio
578 1263 665 1342 magis
686 1263 728 1323 sic
740 1266 906 1347 apparebit:

104 1363 204 1424 corpus
214 1355 255 1401 est
263 1355 293 1400 ut
305 1362 414 1416 curs0r;
427 1342 503 1401 locus
516 1341 634 1402 stadium
647 1363 701 1420 qua
714 1347 817 1421 currit3
837 1358 909 1407 tem·

105 1442 158 1504 pua
169 1421 234 1482 hora
248 1442 301 1501 qua
314 1421 421 1496 currit;
443 1422 513 1481 actio
527 1423 628 1482 cursio.
643 1454 681 1467 -
694 1424 745 1481 ta.
767 1425 865 1501 Quare
877 1426 908 1486 fit

105 1517 137 1563 ut
156 1502 218 1563 ideo
231 1503 286 1562 fetu
297 1502 388 1561 omnia
401 1501 455 1560 siut
465 1503 663 1582 quadripartita
676 1548 683 1577 ‚
697 1515 724 1561 et
741 1523 774 1572 ,ea
790 1518 905 1581 aterna,

107 1582 183 1661 quud
195 1604 281 1662 neque
294 1604 414 1661 uuquam
426 1595 534 1662 tempus
546 1582 614 1661 quiu
626 1582 707 1641 suerit
717 1595 809 1643 motus
822 1628 831 1657 ,
847 1586 907 1667 ejus

106 1664 179 1722 enim
192 1663 367 1724 intervallum
379 1676 501 1742 tempus;
510 1682 597 1740 neque
609 1675 699 1721 motus
705 1661 753 1721 ubi
764 1682 820 1722 uon
829 1662 907 1725 loeus

107 1758 134 1801 et
147 1762 246 1823 corpus
257 1787 265 1815 ,
278 1742 350 1822 quod
365 1741 481 1800 alterum
492 1739 617 1820 estquod
628 1754 770 1812 movetur,
788 1743 908 1805 alterum

109 1822 157 1881 ubi
165 1845 174 1899 5
195 1843 281 1901 neque
294 1823 343 1881 ubi
354 1820 411 1879 ida
432 1821 514 1880 itatur
522 1866 531 1898 ‚
549 1841 603 1879 non
614 1819 685 1879 actio
694 1820 745 1884 ibi.
759 1822 854 1901 Igitur
862 1824 908 1883 iu-

107 1901 218 1961 itioium
240 1901 378 1980 quadriga
391 1923 400 1958 ε
414 1842 527 1960 incuset
539 1921 650 1982 corpus,
664 1913 771 1991 tempus
785 1914 813 1961 et
823 1902 905 1966 actio.

108 2013 148 2027 -
165 1982 215 2042 t5.
231 1983 322 2056 Quare
338 1978 415 2056 quod
435 1994 552 2060 quatuor
564 2001 662 2058 genera
685 2000 777 2060 pruna
799 2002 907 2055 rerum,

106 2060 219 2120 totidem
228 2061 392 2133 verborum
406 2060 507 2121 horum
513 2058 613 2141 jamde
624 2059 698 2118 binis
709 2060 736 2131 *',
750 2058 820 2120 locis
830 2074 860 2121 et
871 2061 907 2122 iis

104 2142 187 2200 rebus
197 2161 257 2217 quae
266 2140 345 2200 inhis
354 2139 494 2213 videntur,
508 2140 535 2198 in
542 2140 594 2199 hoc
604 2138 676 2197 libro
688 2140 850 2199 summatim·
855 2161 908 2232 po-

60 2226 64 2237 '
104 2241 175 2280 nam.
191 2218 246 2282 Sed
264 2242 318 2298 qua
338 2221 461 2299 cognatio
481 2221 540 2300 ejus
562 2219 613 2277 erit
632 2217 710 2279 verbi
723 2237 784 2296 quae
798 2219 909 2281 radauet

103 2301 188 2381 egerit
200 2315 277 2360 extra
287 2300 354 2360 fines
368 2320 446 2374 suas,
458 2319 653 2379 persequamur
668 2322 676 2355 :
696 2317 765 2377 saepe
779 2298 854 2357 enim
872 2298 909 2360 ad

104 2380 218 2440 limitem
226 2380 331 2439 arboris
341 2379 444 2438 radices
457 2378 594 2438 subvicini
603 2375 763 2458 prodierunt
773 2391 906 2439 seretem.

104 2460 194 2534 Quare
207 2480 277 2534 nou,
292 2457 418 2538 quoinde
429 2458 495 2517 loeis
506 2456 611 2530 dicam,
626 2457 651 2516 si
659 2457 694 2516 ab
704 2475 795 2536 agroa
824 2479 840 2515 a
896 2494 908 2509 ·

95 2539 315 2617 “sumhominuu
326 2539 361 2598 ad
369 2537 514 2619 agricolam
543 2478 909 2612 erveneroflherrarotiii-

100 2633 127 2679 ta
143 2620 259 2683 societas
271 2620 491 2699 verboruma
529 2614 692 2677 trattasine
703 2621 776 2675 vino
785 2616 908 2697 expedi.-

87 2702 118 2765 ri
122 2752 134 2785 ,
154 2704 303 2772 nectaria
317 2700 531 2773 Calabrasiua
546 2696 914 2771 crtattoueuuuum'u‘x.

171 2786 317 2856 A
