2250 3090
92 2806 138 2904 Χ

171 162 230 221 166
478 177 565 215 nonen
586 176 692 217 nouos.

170 293 212 351 ria
227 316 234 349 ε
249 291 289 351 sic
299 290 335 349 ab
347 288 482 349 octonaria
491 301 517 348 et
530 287 657 349 deorsum
668 310 767 353 versus
776 291 816 353 ad
828 293 968 375 singularia

169 371 340 453 perveniunt.
358 403 397 416 -
409 370 457 433 st.
473 375 557 428 Actus
568 369 673 448 primus
685 384 726 431 est
736 371 775 431 ab
790 394 845 432 uno
855 372 892 434 ad
904 394 969 434 non·

169 465 260 531 genta,
270 448 404 510 secundus
414 447 513 509 amille
520 447 556 507 ad
566 463 697 529 nongenta
708 449 787 511 milia
798 475 807 525 ;
819 454 896 533 quod
903 453 971 514 idem

169 531 277 591 valebat
294 550 380 589 unum
397 543 424 589 et
443 527 529 603 mille,
545 541 691 609 utrumque
709 530 847 609 singulari
867 533 971 594 nomine

170 611 326 692 appellatur
336 635 344 683 ;
356 630 418 669 nam
429 622 460 669 ut
468 608 633 668 diciturlzoc
644 606 747 687 unum,
759 612 826 673 lioec
835 614 925 685 ἄνθ’,
936 614 971 674 sic

170 693 227 751 hoc
239 690 329 760 millo,
344 691 410 757 lunc,
421 689 494 749 duo*
508 689 603 764 milio,
615 702 642 749 et
653 688 690 749 sic
701 687 832 773 deinceps
845 693 971 754 multitu-

170 769 244 831 dinis
260 773 288 830 in
305 767 413 830 duobus
426 768 532 831 actibus
547 769 646 847 reliqui
659 790 751 829 omnes
771 770 840 831 item
854 773 969 835 numeri.

170 850 281 913 Gradus
293 848 439 930 singularis
451 862 492 909 est
505 848 534 908 in
548 862 663 928 utroquo
674 863 737 909 actu
749 849 788 909 ab
803 871 859 911 tuno
875 852 912 914 ad
924 873 968 913 no·

170 952 242 1007 vem,
258 930 385 991 denarius
403 932 532 1008 gradosa
551 928 645 989 decem
657 928 693 988 ad
711 930 873 1010 nonaginta,
889 947 970 993 cente·

170 1011 262 1071 narius
271 1033 287 1070 a
297 1023 405 1070 centum
415 1008 451 1068 ad
464 1021 607 1088 nongenta.
623 1011 665 1069 ltu
674 1007 765 1068 tribus
779 1008 917 1095 gradibus
927 1034 970 1073 sex

170 1090 286 1152 decurias
297 1090 378 1161 fiunt,
390 1103 442 1148 tres
455 1088 590 1158 miliaria,
605 1103 631 1149 et
643 1102 697 1148 tres
711 1088 841 1151 minores.
861 1093 969 1173 Antiqui

169 1170 213 1229 his
223 1169 342 1230 numeris
354 1170 466 1229 fuerunt
478 1169 605 1228 contenti.
619 1203 658 1233 -.-
671 1166 721 1232 88.
737 1166 781 1229 td
796 1169 847 1231 hos
861 1173 970 1233 sertim

169 1262 195 1308 et
208 1263 335 1329 quartum
344 1262 433 1308 actum
444 1246 478 1307 ab
487 1248 595 1309 deciens
606 1248 749 1323 minorem,
761 1246 793 1306 *a
805 1248 917 1313 deciens
924 1251 970 1311 mi·

168 1328 237 1391 liens
250 1332 378 1410 majorem
392 1325 546 1404 addentes*,
559 1328 747 1409 imposuerunt
755 1330 913 1410 vocabula,
926 1352 968 1391 ne·

169 1431 222 1489 que
235 1408 349 1487 ratione,
364 1405 412 1468 sed
425 1421 579 1468 tamennon
592 1421 685 1469 contra
700 1428 771 1483 eam,
788 1406 825 1470 de
838 1432 897 1490 qua
908 1410 969 1471 scri·

168 1489 276 1561 bimus,
299 1487 459 1569 anologiam.
479 1490 550 1549 Nam
570 1486 678 1549 deciens
700 1507 765 1547 cum
784 1486 898 1551 dicatur
920 1492 971 1551 ltus

170 1570 299 1644 deciens,
316 1584 345 1629 ut
363 1568 440 1629 mille
456 1569 512 1627 hoc
531 1568 623 1645 mille,
644 1581 674 1631 ut
697 1567 733 1626 sit
750 1580 903 1649 nitrumque
919 1570 971 1631 sins

169 1651 276 1710 casibus
292 1648 379 1723 vocis,
403 1648 524 1709 dicemus
545 1661 575 1706 ut
591 1648 643 1709 hoc
660 1645 746 1723 mille,
767 1647 859 1730 hujus
879 1650 969 1723 mille,

169 1729 208 1790 sic
226 1729 278 1789 hoc
298 1729 414 1804 deciens,
432 1730 519 1806 liujus
533 1730 658 1803 deciens,
679 1748 766 1805 neque
785 1748 819 1787 eo
833 1729 969 1789 minusin

167 1808 264 1884 altero,
276 1809 351 1889 quod
363 1822 403 1869 est
416 1807 502 1883 mille,
515 1827 701 1891 praeponemus
712 1807 747 1865 tn·
757 1807 853 1884 mille,
865 1811 969 1870 norom

170 1889 262 1961 mille.
583 1936 586 1942 .

386 1992 401 2027 s
564 1991 580 2022 e
740 1988 757 2021 e

209 2092 257 2154 89.
271 2092 407 2169 Quoniam
416 2093 445 2153 in
458 2116 489 2154 eo
499 2107 539 2154 est
552 2112 649 2153 nomen
660 2108 817 2166 commune,
831 2112 916 2171 quam
928 2112 969 2151 vo·
1007 2096 1010 2109 '

168 2188 230 2235 cant
245 2172 410 2252 ὁμωνυμίαν,
429 2174 534 2253 obliqui
551 2194 627 2233 casus
644 2169 788 2230 abeodem
807 2172 906 2253 capite,
925 2172 968 2231 ubi

168 2255 220 2314 erit
233 2252 382 2333 ὁμωνυμία,
400 2255 471 2332 *quo
489 2255 580 2314 minus
594 2249 742 2311 dissimiles
756 2250 834 2326 liant,
848 2252 968 2331 analogia

168 2355 222 2395 non
237 2335 371 2416 prohibet.
383 2333 479 2413 ltaque
491 2333 608 2392 dicimus
621 2331 666 2390 hic
680 2331 792 2411 Argos,
805 2352 868 2391 cum
880 2331 967 2391 homi·

169 2436 231 2475 nem
243 2415 372 2488 dicimus,
388 2434 453 2473 cum
466 2412 609 2494 oppidum,
625 2409 782 2472 Graecanice
794 2409 849 2471 hoc
859 2411 967 2492 Argos,

170 2515 232 2554 cum
245 2496 340 2555 Latine
354 2493 459 2576 Argei.
475 2496 542 2554 Item
554 2493 694 2563 faciemus,
710 2489 734 2549 si
747 2487 843 2550 eadem
855 2510 912 2551 vox
922 2509 966 2548 no-

171 2596 232 2633 men
245 2588 271 2634 et
284 2575 399 2636 uerbum
414 2572 587 2655 significabit,
601 2586 630 2631 ut
642 2584 670 2630 et
682 2570 711 2629 in
727 2589 805 2630 casus
822 2584 848 2629 et
861 2570 891 2630 in
903 2584 965 2630 tem·

172 2653 411 2744 poradispariliter
419 2653 579 2732 declinetur,
589 2666 620 2715 ut
630 2651 887 2730 ucinmnaMeo,
897 2646 965 2733 quod
