2040 3420
182 110 223 187 80
452 130 539 167 nnana
558 130 688 168 sexrrus.

181 262 232 304 cus
251 242 340 301 conat
362 255 422 300 tum
437 245 602 321 circumque
615 260 729 322 moeroS,
746 255 775 301 et
787 256 858 303 ante
870 247 982 323 private

180 335 302 412 hujusce
320 334 351 394 T.
373 334 477 413 Quinti
494 334 577 409 Trogi
586 332 722 392 scelerosi
734 335 867 412 hostium
881 349 994 410 canan

181 436 210 482 et
222 426 296 485 utin
313 426 423 504 Campo
433 444 499 482 eum
511 428 605 503 prinro
619 423 680 483 luei
693 428 780 497 assit
847 448 850 454 ·
938 436 941 441 '

181 549 272 627 τ95.
281 547 396 619 Etinter
403 546 531 638 id,qnom
539 547 647 605 circum
656 568 754 607 muros
762 546 882 609 mittitur
888 563 915 609 et
921 567 984 609 oum

181 620 271 688 contio
291 625 449 698 advocatur,
476 639 602 685 interesse
622 639 675 685 t'ern
697 647 730 685 us
752 648 766 685 a
787 635 867 708 paret
889 628 984 689 exiis

181 727 242 786 qua
255 707 356 767 interea
368 706 428 766 fleri
439 706 454 736 *
465 707 596 786 scriptum
609 720 659 765 est.
675 649 728 767 iad
744 649 787 765 ai
794 710 916 769 comitia
924 720 984 767 tum

181 800 293 847 vocatur
305 786 423 867 populus
436 783 497 846 ideo
510 783 584 862 quod
603 785 654 843 alia
668 784 703 844 de
721 807 802 845 eausa
816 786 864 846 hio
890 786 981 866 magi·

181 881 280 927 stratus
293 887 346 927 non
373 878 459 947 potest
482 865 630 924 exereitum
649 865 784 924 urbanum
810 885 981 943 convocare5

181 966 285 1016 censor,
299 941 404 1022 ansul,
419 944 546 1017 dictator,
560 944 679 1003 interrex
693 958 791 1026 potest,
803 943 879 1022 qnod
888 966 980 1005 censor

182 1027 332 1085 exereitum
340 1025 490 1084 centuriato
499 1024 638 1083 constituit
646 1022 889 1103 quinquennalem,
897 1045 979 1102 quota

182 1105 298 1165 lustrare
310 1119 340 1163 et·
348 1104 376 1162 in
386 1104 480 1163 urbem
490 1100 525 1161 ad
534 1102 665 1162 vexillum
674 1101 775 1163 ducere
786 1101 978 1179 debe15dieta·

181 1197 224 1245 tor
237 1198 263 1243 et
276 1183 369 1243 consul
383 1183 411 1241 in
432 1182 552 1260 singulos
567 1202 668 1257 annos,
683 1182 759 1261 quod
781 1182 827 1242 hie
846 1183 977 1243 exercitui

180 1260 318 1355 imperare·
326 1275 412 1343 potest
422 1282 476 1340 quo
490 1275 531 1320 eat
542 1285 550 1321 ε
562 1260 592 1320 id
600 1261 675 1339 quod
690 1275 806 1416 ὄνομα
830 1262 976 1321 centuriata

179 1343 287 1402 comnia
309 1362 440 1422 lmperare
462 1339 557 1400 solent.
570 1375 610 1388 —
623 1342 673 1405 94.
718 1362 782 1400 nare
800 1362 854 1400 non
869 1355 910 1400 est
925 1342 975 1400 do-

178 1420 265 1497 bium,
285 1421 350 1500 quin
364 1421 416 1481 hoo
428 1421 559 1480 inlicium
582 1420 628 1494 sit,
654 1441 736 1500 quom
755 1420 859 1479 circum
883 1440 977 1481 muros

179 1504 245 1576 itur,
260 1515 290 1560 ut
310 1501 428 1581 populus
451 1499 588 1559 inliciatur
607 1499 648 1559 'ad
671 1500 843 1580 magistratus
864 1520 978 1581 eonspe-

179 1595 264 1658 ctum,
295 1583 324 1641 ui
335 1579 470 1656 Quirites*
480 1601 577 1640 vocare
588 1593 674 1660 potest
683 1580 712 1639 iu
720 1600 783 1639 eum
794 1578 898 1651 locum,
907 1579 979 1639 unde

178 1681 234 1723 vox
261 1603 295 1720 ai
318 1661 466 1720 contionem
479 1659 601 1719 vocantis
625 1658 750 1719 exaudiri
774 1657 866 1739 possit
887 1660 978 1734 Quare

180 1760 233 1798 una
247 1739 350 1819 origine
363 1740 478 1799 inliciet
484 1738 587 1811 inlinis,
594 1738 667 1818 qnod
674 1739 702 1797 in
710 1738 800 1797 Choro
809 1737 977 1819 Proserpinae

140 1840 145 1850 ’
179 1832 229 1896 est,
240 1834 267 1879 et
274 1820 397 1900 pellexit
408 1817 481 1897 quod
491 1819 519 1877 in
528 1818 683 1890 Hermiona,
696 1817 977 1897 quomaitPacuvius:

338 1947 421 2021 regni
430 1926 675 2029 alienieupiditao
686 1942 817 2023 pellexit.

178 2077 226 2138 Sie
238 2078 331 2138 Elicii
337 2079 424 2139 Jovis
432 2101 479 2140 ara
489 2078 518 2138 in
532 2079 664 2139 Aventino
678 2078 713 2138 ab
725 2076 914 2138 eliciendo.-
926 2083 976 2143 95.

178 2157 889 2237 Hoenunoaliterfitatqueolim,quodaugurConsuli
900 2159 979 2220 adest

178 2251 236 2296 tum
250 2258 312 2297 oum
324 2240 456 2299 exercitus
469 2241 630 2318 imperatur,
643 2259 675 2297 ao
684 2237 763 2318 praeit
775 2237 844 2316 quid
857 2259 922 2297 eum
935 2239 978 2299 di-

179 2338 238 2376 cere
248 2331 374 2398 oporteat.
392 2318 494 2378 Consul
507 2317 603 2397 auguri
616 2317 748 2398 imperare
758 2317 835 2393 solet,
850 2331 880 2375 ut
893 2318 917 2376 is
931 2319 975 2377 in·

178 2396 274 2457 licium
286 2411 374 2471 vocet,
388 2419 440 2456 non
461 2418 570 2458 accenso
582 2411 629 2456 aut
643 2396 777 2481 praeeoni;
793 2396 822 2455 id
836 2397 976 2477 inceptum

180 2475 270 2553 eredo,
287 2498 348 2537 eum
369 2497 422 2537 non
440 2475 543 2536 adesset
566 2496 692 2536 accensus
709 2490 735 2535 et
756 2475 826 2535 nihil
848 2475 978 2536 intererat

179 2556 244 2634 quoi
256 2556 415 2637 imperaret;
425 2571 451 2617 et
461 2556 530 2617 dieis
542 2577 622 2616 eausa
632 2556 731 2616 fiebant
745 2555 876 2635 quedam,
888 2576 978 2635 neque

180 2637 244 2699 itero
253 2636 333 2714 faeta,
348 2657 434 2717 neque
440 2637 506 2697 item
517 2636 588 2698 diota
603 2657 719 2717 semper.
729 2638 788 2698 lloe
800 2635 891 2717 ipsum
903 2636 977 2696 inle-
