2040 3420
155 194 195 254 80
556 204 580 251 ν

154 314 302 381 admodum
313 334 422 395 paucos.
437 313 477 374 Ea
488 325 588 391 autem,
598 311 633 373 de
645 312 745 391 quibua
761 311 912 391 dissentio,
930 332 954 381 et

154 409 246 477 aperte
258 407 285 454 et
298 394 436 470 breviter,
462 405 493 451 ut
516 391 623 469 sciero,
647 393 748 454 scribta
761 395 792 455 in
805 394 856 459 liis
877 398 953 461 libris

153 475 221 537 meis
251 473 429 535 invenientur.
474 471 666 533 lusoribuntur
698 472 862 537 Priscorum
892 498 953 541 ver-

153 555 253 617 borum
276 574 339 614 eum
362 552 507 633 exemplis.
531 553 688 631 ffPorigam
712 551 819 615 dixisse
852 556 953 637 antiqui

153 632 291 707 ridentur,
299 655 349 714 pro
357 631 621 714 porrigam,propter
631 633 948 715 moremnoningenini

153 712 251 775 danum
270 713 438 782 litterarum
469 711 552 772 ducto
581 711 664 773 verbo
687 733 705 771 a
726 733 810 792 porro
839 734 950 797 regam,

154 807 211 869 aut,
222 793 247 853 si
259 791 288 851 id
298 792 427 852 frivolum
438 789 558 863 videtur,
572 811 635 849 eum
653 804 744 872 aperte
752 813 769 853 e
777 790 843 855 civo
852 796 954 877 regin,

96 884 108 903 ‘
152 886 269 933 tractum
280 872 317 931 sit
324 894 332 948 3
342 870 391 931 sed
399 869 504 948 antiqui
513 870 566 931 etia
573 882 660 950 porga
672 871 816 943 dixerunt,
828 892 882 953 pro
894 884 952 955 pu·

153 953 251 1031 rigam.
263 951 380 1031 ffPoreae
394 950 566 1032 appellantur
576 950 629 1008 rari
644 950 726 1024 sulci,
737 951 786 1028 qui
796 949 952 1017 dirrutum.

154 1051 229 1110 aquae
250 1029 404 1091 derivandae
425 1029 509 1110 gratia
519 1052 530 1108 3
555 1028 622 1089 dicti
644 1028 718 1107 quod
744 1031 867 1110 potenti,
879 1030 953 1095 idn

154 1110 298 1192 prohibent
307 1111 333 1185 ⁵,
351 1130 450 1190 aquam
461 1108 604 1169 frumentis
619 1129 735 1169 nocere:
755 1128 821 1171 narn
833 1112 952 1175 mebris·

45 1250 52 1257 ,
155 1212 198 1252 res
219 1190 288 1251 rrrlci
317 1190 399 1249 linit
421 1201 560 1249 vocantur.
586 1187 843 1265 ffPostliminiurnr
865 1210 951 1273 ωη-

153 1285 233 1344 tum,
255 1269 354 1329 Gallus
374 1268 469 1328 Aelius
493 1267 522 1325 in
551 1266 623 1327 libro
652 1268 740 1349 primo
768 1267 954 1349 Significatio-

153 1370 218 1409 num
237 1368 297 1426 qnae
315 1347 350 1407 ad
369 1348 416 1428 jus
433 1345 584 1428 pertinent,
603 1347 640 1407 ait
653 1366 804 1423 esseeum,
818 1348 951 1427 quilibet

152 1450 188 1489 ex
218 1448 272 1506 qua
315 1426 423 1487 ciuitate
461 1425 489 1484 in
525 1425 608 1485 aliam
649 1427 787 1487 civitatem
825 1426 951 1499 obierat,

153 1508 180 1566 in
196 1505 308 1567 eandem
318 1506 452 1567 civitatem
463 1503 533 1564 redit
543 1526 574 1565 eo
586 1506 667 1586 jure,
682 1504 756 1584 quod
770 1506 950 1569 consutorum

152 1601 192 1648 est
201 1587 236 1647 de
248 1587 431 1668 postliminis,
453 1585 571 1664 itemque
597 1605 690 1646 servos
702 1593 713 1623 ⁸
733 1584 843 1647 anobis
857 1586 887 1647 in
904 1586 951 1647 lto·

153 1668 234 1729 stium
255 1681 413 1751 potestatem
437 1666 580 1747 pervenit,
604 1678 694 1745 postea
724 1663 759 1724 atl
781 1684 859 1739 nos,
882 1664 953 1727 nollit

154 1747 182 1806 in
206 1750 264 1829 ejus
302 1760 457 1816 otestatem,
484 1744 563 1804 cu'us
588 1758 664 1803 antra
684 1743 752 1817 fuit,
784 1745 850 1823 jure
874 1758 950 1827 post-

154 1825 254 1885 limini.
335 1825 383 1897 ui,
410 1837 437 1882 et
466 1766 534 1881 muli
562 1836 588 1882 et
614 1824 690 1883 naris
708 1821 802 1882 eadem
824 1822 896 1885 ratio
914 1836 953 1885 ant

154 1904 369 1983 *postliminium
388 1915 526 1983 receptum
540 1902 588 1961 iso
605 1923 664 1979 quae
678 1902 761 1963 servi.
777 1904 848 1975 Quae
876 1922 952 1963 enea

154 2003 246 2041 rernm
257 1982 292 2040 ab
305 1981 428 2040 hostibus
449 1981 484 2040 ad
505 2002 552 2040 nos
566 1980 763 2062 postliminium
779 1994 802 2019 ¹⁰
878 1994 951 2055 eunt,

155 2060 251 2121 eadem
275 2083 370 2141 genera
384 2082 502 2121 reruma
521 2061 601 2122 nobis
615 2059 650 2119 ad
663 2059 747 2118 hostis
770 2058 863 2121 redire
890 2080 954 2143 poo-

156 2155 229 2201 sunt.
247 2143 317 2201 Cum
332 2141 443 2222 populis
461 2141 575 2215 liboris,
595 2154 621 2198 et
633 2137 840 2214 contoederaris,
857 2154 953 2201 etcum

156 2222 266 2304 regibus
290 2221 487 2302 postliminium
509 2220 586 2279 nobis
598 2232 637 2278 est
651 2218 699 2293 ita,
716 2218 755 2276 uti
772 2238 834 2277 cum
849 2218 951 2281 hostilt.

127 2370 135 2387 ι
156 2305 225 2378 Quae
237 2303 357 2377 nationes
378 2302 407 2361 in
424 2300 551 2382 opinione
568 2318 589 2343 ¹¹
611 2311 701 2357 nostra
714 2310 794 2372 sunt,
808 2318 875 2358 cum
887 2298 954 2359 hir*
993 2350 995 2367 ,

190 2448 201 2512 [
218 2457 396 2499 ‘consumere
418 2457 428 2481 ²
445 2448 500 2497 riro
561 2462 613 2495 am.
634 2441 795 2495 'ducuntur
811 2444 953 2509 lporemr.

158 2510 338 2578 ³prolribeante
361 2513 447 2565 ⁶llrae.
468 2461 657 2578 tporzltliminio.
681 2510 748 2578 ⁸qui
769 2526 867 2564 servans.
887 2512 952 2567 otta.

158 2586 178 2609 '⁰
184 2576 350 2645 postliminio.
365 2587 383 2613 ¹¹
392 2578 525 2655 dioioneq]

426 2728 615 2749 *a*

93 2834 240 2896 A
