2040 3420
167 148 206 209 ⁷8
449 168 536 208 muru
556 164 686 209 smms.

211 283 268 343 Ubi
278 282 433 353 Praetores,
448 276 627 362 Tribunique
632 279 732 360 plebei
742 283 854 364 qutique
864 288 972 344 incon·

168 371 267 431 silium
286 374 387 430 vocati
401 384 481 444 sunt,
499 384 664 432 uenerunt:
680 373 824 434 Censores
843 380 925 435 inter
940 395 972 436 se

169 465 343 538 sortiuntur,
354 474 419 522 uter
433 458 557 522 lustrum
564 464 672 545 faciut.

213 565 273 643 ott
283 562 419 645 templum
427 565 551 647 sottum
564 579 620 641 est,
631 579 707 647 ‚post
724 578 785 627 tum
796 575 972 629 conuentio—

170 678 235 718 nem
244 655 332 715 habet
346 659 397 736 qui
407 656 533 715 lustrum
539 658 710 718 conditurus
719 672 771 719 cst.

172 840 184 853 .<
210 757 261 852 88ς
284 760 318 819 ln
340 757 538 819 commentariis
556 752 754 820 Gouularibus
769 761 905 843 scriptum
931 763 974 821 sic

171 858 261 899 iuvem
276 864 283 897 ε

213 942 270 1021 Qui
287 942 443 999 exercitum
467 942 662 1022 imperaturus
671 944 741 1016 erit,
755 961 880 1002 accenso
897 941 973 1003 dicit

170 1035 239 1094 hoc:
255 1034 406 1112 Calpurni,
416 1048 494 1092 voco
504 1029 636 1092 inlicium
646 1048 743 1096 omnes
766 1036 895 1117 Quirites
913 1038 972 1096 itur

170 1130 212 1187 cd
224 1148 278 1186 me.

210 1231 363 1291 Accensus
376 1229 447 1290 dicit
464 1230 528 1287 sier
543 1230 650 1287 Omnes
674 1229 811 1309 Quirites,
834 1227 972 1289 inlicium

171 1321 257 1380 visite
267 1320 325 1381 huc
335 1320 376 1380 ad
387 1316 518 1384 Judicrs.
998 1312 1005 1321 “

213 1417 246 1482 ’6.
263 1420 416 1500 Calpurni,
430 1420 494 1481 Cor.
511 1418 682 1490 dicitj'ooco
694 1418 738 1478 od
748 1421 974 1480 conventionem

172 1533 271 1573 ornnes
284 1515 410 1595 Quirites
424 1512 481 1570 ituc
492 1510 533 1568 od
547 1530 602 1569 me.

211 1614 364 1674 Accensus
373 1612 444 1672 dicit
454 1616 519 1670 sic.-
532 1608 640 1671 Omnes
650 1613 790 1690 Quirites,
798 1614 839 1671 ite
848 1614 891 1672 od
902 1635 975 1673 con-

176 1711 336 1767 sentionem
349 1704 407 1766 huc
417 1703 458 1765 ad
469 1705 599 1764 iudices.

215 1815 291 1871 Dein
309 1810 413 1869 consui
434 1808 581 1888 eloquitur
602 1806 644 1866 od
662 1811 819 1869 exercitum
835 1831 845 1864 .·
861 1811 977 1888 impero

174 1927 235 1988 qua
245 1907 383 1965 convenit
395 1903 437 1962 ati
448 1905 567 1961 comitio
579 1904 751 1961 centuriata.

214 2006 263 2067 89.
276 2008 368 2081 Quare
375 2003 420 2063 hic
431 2022 562 2077 accenso,
573 2002 632 2061 illic
637 2004 765 2082 proeconi
771 2002 839 2062 dicit
852 2000 925 2080 haec‚
937 2022 979 2067 est

175 2106 275 2144 causa:
289 2085 316 2145 in
330 2084 433 2163 aliquot
446 2082 525 2141 rebus
541 2082 605 2141 item
624 2095 654 2140 ut
668 2102 770 2161 praeco,
784 2103 915 2144 accensus
929 2107 978 2145 ac-

75 2172 78 2176 '
176 2164 299 2236 cubum
313 2184 368 2243 quo
378 2182 512 2220 accensus
524 2181 634 2240 quoque
644 2159 742 2223 dictus.
755 2162 910 2222 Ascensum
931 2187 980 2224 so·

98 2242 100 2247 ’
177 2242 257 2302 litum
272 2243 351 2314 ciere,
363 2240 464 2303 Boeotia
476 2238 603 2315 ostendit,
619 2262 699 2320 quam
712 2242 873 2303 comoediam
886 2245 979 2323 Aqui-

176 2322 205 2381 tii
223 2325 238 2353 *
248 2344 305 2383 esse
318 2323 422 2399 dieunt,
438 2322 489 2380 hoc
499 2339 579 2381 versu
596 2344 604 2376 τ

239 2449 298 2506 Ubi
305 2448 429 2526 primum
441 2431 579 2504 accensus
588 2445 738 2511 clamarat
748 2443 908 2504 meridiem.

176 2574 235 2632 Hoc
246 2570 319 2631 idem
337 2572 482 2634 Cosconius
495 2572 525 2633 in
537 2571 689 2632 actionssrus
700 2571 805 2644 scribit,
831 2586 979 2652 praetorem

177 2671 316 2711 accensum
326 2653 435 2714 solitum
445 2672 502 2713 esse
510 2650 618 2733 jubere,
626 2650 674 2711 uhi
683 2650 709 2712 ri
719 2650 867 2715 videbatur
876 2652 978 2714 horam

81 2788 256 2896 A
