2250 3090
467 65 472 72 Ι
546 47 555 64 ,
578 37 603 52 ..
624 11 747 53 awoem
768 4 795 50 θῑ
831 18 835 26 ¹

298 100 325 147 n,
351 69 535 148 Geryonem,
562 73 740 148 Geryones:
760 69 789 128 in
804 70 857 131 hoc

298 172 355 211 rsus
387 172 508 242 erperam
526 165 679 232 permutant
693 150 817 229 quidam,
833 172 866 209 no

298 243 313 289 11
319 173 528 311 anaiogran‚sed
537 232 585 310 qui
594 232 632 292 eis
643 244 757 290 utuntur
766 230 871 311 imperil

298 331 305 368 1
321 325 404 391 caput
423 310 612 400 praehenderit‚
629 311 705 390 sequi
722 309 802 370 debet
819 313 875 390 ejus

318 411 395 450 casus
421 410 449 449 111
470 389 643 463 declinando,
668 410 700 449 ac
724 411 778 449 non
801 391 879 449 facer«

304 484 377 531 recto
386 491 450 529 casu
464 468 582 549 Alcaeus,
593 471 622 530 in
634 469 755 547 obliquis
766 469 856 529 dicere
867 471 884 531 A

298 570 383 610 mnem
397 573 405 609 :
419 547 493 629 quod
511 550 535 610 si
553 551 704 630 miscuerit,
723 549 793 611 *non
812 564 887 611 secut

298 651 333 689 as.

299 708 504 790 Reprehendunt
514 711 711 791 Aristarchum,
722 709 797 791 quod
808 711 866 770 haec
878 732 893 769 n

304 801 352 853 ‘tes
368 803 394 849 et
414 791 601 851 Philomedes
617 791 718 852 similia
736 804 816 871 neget
832 812 897 864 esse,

316 890 393 929 casus
411 867 493 929 habet
511 869 579 929 alter
593 871 749 946 Melicerta,
764 871 831 929 aiter
847 870 906 930 Phi

313 976 314 983 ¹
330 948 378 1028 qui
397 947 471 1008 dicat
489 948 571 1029 lepus
587 963 613 1010 et
633 950 719 1031 lupus
738 969 792 1009 non
813 970 869 1014 esse
884 950 910 1009 si,

317 1030 386 1089 erius
398 1026 516 1088 vocandi
530 1050 608 1089 casus
621 1029 656 1089 sit
669 1029 743 1110 lupe,
759 1027 870 1088 alterius
885 1029 916 1109 le,

321 1131 335 1183 *,
353 1128 458 1184 macer,
473 1107 547 1187 quod
560 1109 589 1167 in
602 1109 716 1173 transitu
731 1107 780 1167 fiat
794 1109 829 1167 ab
843 1109 919 1168 altem

334 1188 430 1265 soceri,
445 1188 481 1247 ab
492 1189 578 1249 altero
594 1188 764 1270 bisyllabum
777 1189 871 1249 macri.
884 1223 920 1235 -

330 1267 362 1328 tsi
375 1289 457 1349 supra
473 1289 633 1346 responsum
648 1282 696 1340 est,
710 1289 773 1329 cum
789 1267 849 1328 dixi
863 1270 897 1327 de
911 1269 920 1326 l

336 1347 477 1429 eampiius
486 1347 612 1425 adiciam,
624 1347 724 1408 similia
734 1369 787 1407 non
796 1347 883 1407 solum
894 1370 908 1406 a

339 1428 416 1489 stiam
433 1426 468 1488 ab
487 1428 578 1507 aliqua
598 1430 741 1510 conjuncta
759 1429 787 1487 vi
806 1443 832 1487 et
849 1443 920 1509 potes

345 1506 390 1567 slis
403 1521 429 1568 et
444 1509 559 1568 auribus
578 1509 659 1568 latera
675 1508 777 1567 soleant
791 1533 800 1582 3
814 1508 920 1586 itaque:

348 1586 383 1647 :ie
403 1587 475 1647 mala
494 1608 623 1666 negamus
641 1609 698 1647 esse
719 1588 818 1647 siurim
848 1590 869 1622 Δ
