2250 3090
180 150 238 210 too
471 165 556 205 tinen
576 165 685 206 nouus.
768 136 773 150 ¹

181 294 291 363 guenta,
304 279 368 360 quoi
379 299 450 339 nunc
461 299 558 357 ,genera
573 277 687 357 aliquot.
700 277 816 356 Silitem
828 272 978 342 discrimina

147 374 150 381 '
177 383 221 421 rna
241 382 274 420 na
284 375 371 421 essent
381 360 434 419 olei
445 374 471 419 et
481 359 547 419 aceti
560 360 632 418 etsie
644 372 800 420 ceterarum
810 360 979 453 rerumejns·

178 382 251 501 moli
269 442 296 500 in
314 461 364 499 usu
379 439 528 511 communi,
545 437 698 498 dicerentur
714 440 754 498 sic
773 440 851 512 olea,
866 455 896 501 ut
908 462 978 503 urna.

178 522 270 595 Quare
280 521 308 579 in
323 534 436 598 utraque
447 518 563 597 denique
577 540 606 577 re
619 518 740 578 scindere
752 534 889 580 conantur
897 521 980 581 analo·

178 602 261 681 giam,
274 615 298 659 et
313 621 396 678 quom
407 601 433 658 in
448 598 574 658 dissimili
590 621 642 658 usu
653 598 753 658 similia
766 600 906 660 voeabula
915 621 979 680 quae·

179 694 252 753 runt,
273 694 299 739 et
315 701 397 759 quom
417 678 527 743 item'ea
541 700 604 756 quae
622 678 760 748 metimur,
775 694 861 758 atque
878 701 910 739 ea
924 699 979 759 quo

179 780 363 831 numeramus,
375 758 429 819 dici
441 772 537 841 putant
547 773 679 839 oportere.
693 793 735 806 -
744 758 796 819 68.
807 762 879 821 ltem
893 780 978 841 repre·

178 839 300 899 heudunt
319 838 465 917 analogias,
487 836 560 918 quod
580 839 705 898 dicantur
725 839 917 899 multitudinis
932 859 977 897 no-

179 921 252 977 mine
260 920 377 1001 publicae
388 920 511 991 balneae,
519 938 570 977 non
578 919 686 991 balnea,
694 933 786 977 eontra
799 918 876 997 qued
885 918 976 1000 privati

180 997 271 1058 dicant
294 1021 378 1059 tinum
392 999 534 1073 balneum,
552 997 625 1077 quod
641 999 718 1080 plura
734 998 832 1057 balnea
851 998 922 1058 non*
934 997 975 1057 tli-

180 1078 408 1156 eant:*idernque
418 1079 480 1137 item
489 1077 686 1156 contra*,quod
694 1079 784 1137 scala
793 1092 821 1138 et
829 1078 975 1157 aquoeoal·

181 1159 226 1217 doe
242 1158 396 1239 pleraeque*
412 1157 594 1217 multitudinis
609 1158 750 1217 vocabulis
763 1157 819 1216 sint
836 1158 975 1239 appellata,

180 1257 267 1314 neque
283 1259 376 1296 eorum
395 1238 544 1317 singularia
562 1238 589 1296 in
610 1259 689 1301 usum
708 1238 844 1297 venerint.
856 1239 974 1315 *Quibus

180 1317 338 1397 responderi
352 1330 448 1397 potest,
464 1337 515 1375 non
531 1338 588 1376 esse
601 1316 857 1394 reprehendendum
870 1341 881 1395 3
893 1316 975 1397 quod*

200 1399 300 1457 timum
313 1398 440 1456 balneum
454 1400 569 1470 (nomen
584 1412 615 1456 ut
628 1398 757 1458 Graecum
771 1398 877 1457 introiit
891 1399 918 1455 in
932 1418 975 1455 ur-

144 1494 149 1509 ·
180 1417 242 1536 lem
253 1481 264 1556 )
277 1476 387 1559 publice
399 1476 439 1536 ihi
453 1476 584 1551 consedit,
599 1476 647 1536 nbi
660 1476 724 1536 bina
739 1480 831 1536 essent
840 1480 976 1561 conjuncta

180 1555 293 1617 edificia
306 1556 416 1618 lavandi
436 1578 514 1616 causa
529 1580 537 1633 3
552 1576 638 1615 unum
653 1556 700 1615 ubi
716 1556 782 1627 riri,
803 1557 921 1616 alterum
934 1553 976 1614 ulii

180 1637 307 1696 mulieres
327 1638 483 1696 lavarentur
505 1662 511 1694 :
534 1638 569 1695 ab
590 1634 683 1694 eadem
707 1636 810 1696 ratione
830 1635 906 1695 domi
928 1655 975 1694 sua

181 1717 306 1795 quisque,
329 1718 377 1776 ubi
400 1718 516 1790 lavatur,
540 1716 666 1775 balneum
684 1715 840 1788 dixerunt3
863 1730 889 1775 et
910 1712 976 1795 quod

181 1816 234 1854 non
254 1811 329 1856 erant
346 1797 413 1866 duo,
433 1796 529 1854 balnea
546 1796 636 1856 dicere
656 1817 708 1854 non
726 1809 974 1869 censuerunt,eun1

181 1874 232 1935 hoe
246 1878 347 1954 antiqui
364 1899 414 1937 non
430 1876 569 1946 balneum,
584 1875 632 1935 secl
648 1877 831 1953 lavatrinam
845 1876 975 1956 appellare

181 1971 361 2016 consuessent.
376 1991 417 2003 -
429 1959 477 2016 69.
496 1957 541 2017 sie
552 1977 628 2034 aqoae
641 1954 735 2025 caldae,
751 1957 786 2014 ab
801 1958 861 2017 loco
875 1972 901 2023 et
913 1976 974 2035 aqna

181 2056 241 2113 quae
254 2036 292 2094 ibi
303 2050 426 2107 scateret,
441 2058 502 2096 curn
512 2051 543 2097 ut
553 2037 704 2096 colerentur
722 2040 840 2097 venisset
860 2041 886 2097 in
903 2056 974 2099 usuro

181 2115 444 2187 nostriS,c11n1alim
462 2116 496 2176 ad
515 2117 600 2175 alium
618 2115 744 2175 morbum
763 2116 867 2177 idoneae
881 2128 972 2181 essent.

182 2216 219 2253 eae
230 2216 292 2254 cum
304 2196 394 2275 plures
403 2210 500 2271 essent,
513 2211 542 2255 ut
556 2198 674 2256 Puteolis
684 2210 710 2254 ct
723 2197 750 2255 in
762 2197 871 2275 Terseis,
883 2196 973 2276 quitos

184 2275 338 2350 utebantur,
353 2276 648 2356 multitudinispotius,
664 2298 745 2354 quam
760 2278 893 2357 singulari
904 2296 973 2337 voca-

182 2354 249 2413 bulo
263 2356 444 2436 appellarunt.
462 2358 509 2417 Sic
522 2357 617 2433 scalas,
633 2355 710 2435 quod
724 2356 758 2415 ab
773 2357 925 2418 scandendo
935 2354 972 2414 di·

184 2449 278 2511 cantur
288 2449 314 2494 et
325 2436 444 2516 singulos
455 2435 556 2517 gradus
568 2438 735 2504 scanderent,
748 2439 834 2519 magis
844 2453 900 2499 erat
910 2455 972 2516 qna·

87 2510 99 2530 '
185 2514 315 2593 rendum,
330 2518 354 2575 s'i
374 2517 553 2609 appellassent
570 2517 699 2599 singulari
717 2518 852 2579 vocabulo
870 2517 969 2585 scalam,

183 2614 246 2652 cum
260 2596 335 2676 origo
350 2612 501 2658 nominatus
515 2598 665 2658 ostenderet
678 2613 780 2658 contra,

225 2675 275 2733 70.
291 2678 357 2736 Item
372 2678 572 2759 reprehendunt
588 2678 623 2738 de
641 2679 762 2753 casibus,
782 2672 967 2757 quodquidam
