2250 3090
235 114 295 171 tto
504 120 589 170 cinnii
608 131 752 172 ocrivos,

199 274 202 285 ,
234 234 359 326 candidii,
370 238 473 373 pauper
482 256 601 326 paupere
612 257 619 304 ;
630 249 656 294 et
666 240 698 293 ut'
705 235 828 297 dicimus
837 237 1027 313 doctus-docte,

234 316 404 376 doctissumus
440 315 634 390 octissuna,·sie
652 315 805 375 diceremus
823 319 1026 399 frugalissumus

233 396 426 475 frugalissimis,
445 397 539 472 frugus
560 409 586 453 rt
603 395 794 473 fruger-78.
816 399 894 459 Etsi
916 419 1026 480 propor-

233 476 307 535 tione
316 490 402 534 essent
412 474 503 547 verbn,
518 488 547 533 ut
560 495 614 532 uno
625 474 757 535 vocabulo
768 475 891 537 dicimus
905 481 994 537 virum
1002 491 1025 536 ct

233 555 375 615 mulierem
384 556 531 635 sapientem
544 568 571 613 et
581 553 750 633 diligentem,
763 570 791 615 et
801 559 1024 637 sapientioremet

232 634 441 713 diligentiorem,
458 635 497 692 sic
513 633 664 692 diceremus
684 633 760 711 item,
778 657 843 694 cum
860 639 1023 717 pervenisse·

152 738 156 745 ·
234 732 294 773 ntus
311 713 347 772 ad
364 735 510 785 summum,
531 713 604 791 quod
626 735 696 772 nunc
714 713 831 774 facimus
849 716 953 777 aliter:
970 736 1022 776 nom

119 2742 175 2848 N
219 2898 223 2905 ,

232 793 325 853 virum
337 793 452 852 dicimus
459 797 705 872 sapientissimum
715 808 742 851 et
752 795 1008 875 diligentissimum

231 874 359 934 feminam
372 878 615 953 sapientissimam
628 888 654 933 ct
667 874 939 954 diligentissimam.
949 873 1021 952 Quod

232 952 270 1012 ad
291 955 485 1013 vocabulorum
509 952 592 1032 liujus
618 953 722 1032 generis
748 955 875 1031 exempla
905 959 1020 1046 pertinet,

219 1040 221 1047 ’
234 1034 319 1093 multa
329 1048 392 1093 suot
402 1034 524 1111 reliqua;
538 1032 584 1091 sed
597 1054 628 1092 ea
638 1055 698 1112 quae
711 1032 793 1110 dicte,
806 1033 1020 1094 adiudicandum
1034 1040 1037 1047 '

233 1114 298 1172 satis
313 1128 384 1186 sunt,
395 1113 468 1191 quod
479 1113 615 1191 analogius
628 1113 655 1172 in
670 1113 812 1172 collatione
826 1115 974 1175 verborum
985 1136 1019 1175 se·

233 1192 279 1270 qui
292 1192 494 1251 nondebemus.
915 1195 920 1202 ’
1002 1248 1005 1255 .

275 1273 323 1331 79.
337 1271 532 1351 Magnitudinis
541 1271 672 1330 vocabule
686 1292 747 1331 oum
761 1270 866 1351 possint
878 1289 1019 1349 essetems,

234 1365 265 1413 ct
277 1355 361 1425 cista,
376 1353 492 1427 cistula,
506 1352 633 1428 cistella,
647 1351 674 1410 in
688 1350 750 1409 eliis
765 1349 870 1412 credie*
884 1374 941 1414 non
957 1368 1021 1424 sunt,
1060 1402 1062 1425 ÷

233 1447 264 1493 nt
276 1431 304 1490 in
316 1431 359 1491 his
375 1454 471 1507 macer,
487 1433 659 1507 mccriculus,
675 1429 802 1489 macellus
815 1455 824 1508 3
839 1432 929 1512 niger,
941 1433 1021 1514 nigri-

233 1512 321 1587 culus,
337 1512 460 1590 nigellus.
470 1513 537 1570 Item
549 1510 661 1570 minima
673 1511 701 1569 in
714 1509 878 1588 quibusdem
890 1534 944 1573 non
954 1526 1019 1587 sunt,

235 1607 265 1653 ut
274 1592 345 1668 ovis,
356 1590 475 1664 avicula,
490 1591 604 1652 avicella
620 1616 626 1647 ι
643 1603 733 1670 eaput,
744 1589 907 1669 capitulum,
920 1591 1019 1673 capitol·

235 1673 301 1731 lum.
310 1675 342 1731 ln
354 1672 405 1729 hoc
422 1693 517 1750 genere
529 1669 722 1732 vocabulorum
736 1669 864 1746 quoniam
878 1673 965 1731 multa
976 1670 1018 1731 ile-

234 1765 305 1827 sunt,
319 1750 478 1825 dicendum,
495 1773 548 1810 non
562 1771 626 1810 ¹esse
647 1750 675 1807 in
693 1771 724 1808 eo
743 1750 834 1828 potius
853 1753 1017 1829 sequendam,

233 1851 314 1912 qnam
327 1832 561 1904 consuetudinem,
576 1830 716 1888 rationein.
732 1829 814 1901 Quod
828 1831 865 1888 ed
879 1831 1018 1890 vocabulo·

234 1934 295 1970 rum
309 1931 403 1988 genero
416 1925 531 1988 quatuor
541 1911 663 1989 pertinet,
674 1908 741 1969 utin
755 1911 807 1970 hoc
817 1910 907 1988 potius
917 1922 1018 1969 consue·

233 1992 366 2064 tudinem,
380 2012 459 2067 quom
469 1991 605 2070 analogias
614 1988 749 2048 dominari
759 1989 837 2048 iccilc
848 1987 1018 2049 animadverti

233 2070 325 2151 possit,
338 2068 440 2128 dictum
454 2085 503 2130 cst.

276 2147 323 2213 80.
343 2150 471 2226 Sequitur
488 2150 522 2209 de
539 2148 705 2222 nominibus,
725 2168 786 2227 qnae
797 2147 928 2209 differunt
945 2171 960 2208 a
975 2168 1016 2208 vo·

234 2229 348 2299 cubulis,
361 2229 423 2289 ideo
437 2230 511 2310 quod
524 2243 586 2287 sunt
599 2229 673 2288 linita
692 2250 723 2287 ac
740 2228 894 2306 significant
908 2250 951 2288 res
962 2248 1016 2307 pro·

236 2314 317 2389 prim,
330 2324 359 2368 ut
372 2313 470 2385 Paris,
485 2311 613 2383 Heleno,
631 2329 712 2387 quom
724 2308 859 2367 vocabula
872 2306 926 2367 sint
935 2305 1014 2366 inlini·

232 2407 258 2451 to
276 2415 306 2451 ac
326 2411 368 2448 res
386 2392 536 2450 communis
559 2388 760 2467 designent,.ut
780 2392 841 2465 vir,
857 2389 970 2447 mulier.
992 2384 1011 2443 E

255 2472 336 2531 uibus
350 2485 412 2529 sunt
425 2470 477 2528 alia
491 2469 600 2529 nomino
614 2468 652 2526 ult¹
669 2467 832 2543 nominibus,
844 2483 874 2527 ut
888 2468 973 2526 Ilium
983 2461 1012 2519 tlt

234 2494 285 2619 llo,
308 2551 409 2610 et‘Ilia
433 2551 468 2609 ab
491 2551 567 2610 llio:
586 2547 638 2608 ulia
661 2548 838 2623 avocohnlo,
857 2561 888 2606 ut
903 2546 938 2605 ab
954 2541 1008 2602 albo

233 2630 354 2708 Albius,
369 2630 405 2688 ab
413 2645 470 2689 ntro
478 2631 509 2689 A
512 2633 594 2689 rrius.
605 2631 636 2688 ln
651 2627 752 2688 neutris
765 2641 869 2690 serrata
880 2621 1007 2687 ostendo·
