<?xml version="1.0" encoding="UTF-8"?>
<!DOCTYPE html PUBLIC "-//W3C//DTD XHTML 1.0 Transitional//EN"
    "http://www.w3.org/TR/xhtml1/DTD/xhtml1-transitional.dtd">
<html xmlns="http://www.w3.org/1999/xhtml" xml:lang="en" lang="en">
 <head>
  <title>
</title>
<meta http-equiv="Content-Type" content="text/html;charset=utf-8" />
  <meta name='ocr-system' content='tesseract 3.04.00' />
  <meta name='ocr-capabilities' content='ocr_page ocr_carea ocr_par ocr_line ocrx_word'/>
</head>
<body>
  <div class='ocr_page' id='page_1' title='image "./mverriiflaccifr00eggegoog/mverriiflaccifr00eggegoog_0625.png"; bbox 0 0 2250 3090; ppageno 0'>
   <div class='ocr_carea' id='block_1_1' title="bbox 295 0 889 1379">
    <p class='ocr_par' dir='ltr' id='par_1_1' title="bbox 295 0 889 1379">
     <span class='ocr_line' id='line_1_1' title="bbox 644 0 766 31; baseline 0 0"><span class='ocrx_word' id='word_1_1' title='bbox 644 4 674 17; x_wconf 83' lang='grc'>-·</span> <span class='ocrx_word' id='word_1_2' title='bbox 720 0 725 10; x_wconf 89' lang='grc'><em>“</em></span> <span class='ocrx_word' id='word_1_3' title='bbox 759 3 766 31; x_wconf 74' lang='lat' dir='ltr'>s</span> 
     </span>
     <span class='ocr_line' id='line_1_2' title="bbox 392 37 821 98; baseline 0 0"><span class='ocrx_word' id='word_1_4' title='bbox 392 83 437 98; x_wconf 26' lang='lat'>⁷«.</span> <span class='ocrx_word' id='word_1_5' title='bbox 452 61 514 98; x_wconf 63' lang='lat' dir='ltr'>nna</span> <span class='ocrx_word' id='word_1_6' title='bbox 528 43 563 98; x_wconf 84' lang='lat' dir='ltr'>sb</span> <span class='ocrx_word' id='word_1_7' title='bbox 581 37 761 97; x_wconf 84' lang='lat' dir='ltr'>dissimilibus</span> <span class='ocrx_word' id='word_1_8' title='bbox 772 38 821 98; x_wconf 86' lang='lat' dir='ltr'>sim</span> 
     </span>
     <span class='ocr_line' id='line_1_3' title="bbox 296 119 824 196; baseline 0 -18"><span class='ocrx_word' id='word_1_9' title='bbox 296 119 359 178; x_wconf 87' lang='lat' dir='ltr'>utin</span> <span class='ocrx_word' id='word_1_10' title='bbox 373 119 496 178; x_wconf 79' lang='lat' dir='ltr'>articulis</span> <span class='ocrx_word' id='word_1_11' title='bbox 509 119 544 179; x_wconf 76' lang='lat' dir='ltr'>ab</span> <span class='ocrx_word' id='word_1_12' title='bbox 553 119 611 190; x_wconf 77' lang='lat' dir='ltr'>hic,</span> <span class='ocrx_word' id='word_1_13' title='bbox 621 121 686 189; x_wconf 84' lang='lat' dir='ltr'>iste,</span> <span class='ocrx_word' id='word_1_14' title='bbox 694 119 787 196; x_wconf 79' lang='lat' dir='ltr'>bunc,</span> <span class='ocrx_word' id='word_1_15' title='bbox 800 122 824 178; x_wconf 86' lang='lat' dir='ltr'>is</span> 
     </span>
     <span class='ocr_line' id='line_1_4' title="bbox 296 197 833 278; baseline -0.002 -21"><span class='ocrx_word' id='word_1_16' title='bbox 296 198 342 278; x_wconf 70' lang='lat' dir='ltr'>gis</span> <span class='ocrx_word' id='word_1_17' title='bbox 364 198 538 258; x_wconf 77' lang='lat' dir='ltr'>fundamenta</span> <span class='ocrx_word' id='word_1_18' title='bbox 560 199 640 257; x_wconf 84' lang='lat' dir='ltr'>babet</span> <span class='ocrx_word' id='word_1_19' title='bbox 659 211 706 256; x_wconf 82' lang='lat' dir='ltr'>aut</span> <span class='ocrx_word' id='word_1_20' title='bbox 725 220 739 257; x_wconf 80' lang='lat' dir='ltr'>a</span> <span class='ocrx_word' id='word_1_21' title='bbox 760 197 833 257; x_wconf 73' lang='lat' dir='ltr'>volui</span> 
     </span>
     <span class='ocr_line' id='line_1_5' title="bbox 295 279 839 351; baseline -0.004 -13"><span class='ocrx_word' id='word_1_22' title='bbox 295 292 315 338; x_wconf 81' lang='lat' dir='ltr'>tt</span> <span class='ocrx_word' id='word_1_23' title='bbox 329 291 452 337; x_wconf 76' lang='lat' dir='ltr'>anatum</span> <span class='ocrx_word' id='word_1_24' title='bbox 465 279 624 351; x_wconf 82' lang='lat' dir='ltr'>verborum,</span> <span class='ocrx_word' id='word_1_25' title='bbox 639 290 713 336; x_wconf 75' lang='lat' dir='ltr'>suta</span> <span class='ocrx_word' id='word_1_26' title='bbox 728 298 758 337; x_wconf 84' lang='lat' dir='ltr'>re</span> <span class='ocrx_word' id='word_1_27' title='bbox 771 290 839 336; x_wconf 76' lang='lat' dir='ltr'>utrst</span> 
     </span>
     <span class='ocr_line' id='line_1_6' title="bbox 296 357 846 438; baseline -0.004 -20"><span class='ocrx_word' id='word_1_28' title='bbox 296 357 846 438; x_wconf 72' lang='lat' dir='ltr'>licoimpositionemvocabulorum,nats</span> 
     </span>
     <span class='ocr_line' id='line_1_7' title="bbox 296 436 851 516; baseline -0.002 -19"><span class='ocrx_word' id='word_1_29' title='bbox 296 460 309 497; x_wconf 81' lang='lat' dir='ltr'>s</span> <span class='ocrx_word' id='word_1_30' title='bbox 324 436 531 510; x_wconf 77' lang='lat' dir='ltr'>vocabulorum,</span> <span class='ocrx_word' id='word_1_31' title='bbox 546 457 601 516; x_wconf 85' lang='lat' dir='ltr'>qno</span> <span class='ocrx_word' id='word_1_32' title='bbox 615 436 851 497; x_wconf 46' lang='lat' dir='ltr'>decurritur&#39;sine¹</span> 
     </span>
     <span class='ocr_line' id='line_1_8' title="bbox 296 515 858 596; baseline 0.005 -21"><span class='ocrx_word' id='word_1_33' title='bbox 296 538 316 575; x_wconf 85' lang='lat' dir='ltr'><strong>m</strong></span> <span class='ocrx_word' id='word_1_34' title='bbox 354 516 479 577; x_wconf 83' lang='lat' dir='ltr'>sitionem</span> <span class='ocrx_word' id='word_1_35' title='bbox 490 529 627 596; x_wconf 79' lang='lat' dir='ltr'>sequetur,</span> <span class='ocrx_word' id='word_1_36' title='bbox 640 515 722 590; x_wconf 87' lang='lat' dir='ltr'>dicet,</span> <span class='ocrx_word' id='word_1_37' title='bbox 737 517 759 575; x_wconf 89' lang='lat' dir='ltr'>si</span> <span class='ocrx_word' id='word_1_38' title='bbox 774 516 858 578; x_wconf 71' lang='lat' dir='ltr'>simile</span> 
     </span>
     <span class='ocr_line' id='line_1_9' title="bbox 296 537 854 675; baseline 0.002 -20"><span class='ocrx_word' id='word_1_39' title='bbox 296 537 357 656; x_wconf 59' lang='lat' dir='ltr'>otini</span> <span class='ocrx_word' id='word_1_40' title='bbox 373 609 400 655; x_wconf 86' lang='lat' dir='ltr'>et</span> <span class='ocrx_word' id='word_1_41' title='bbox 418 596 526 673; x_wconf 79' lang='lat' dir='ltr'>malus,</span> <span class='ocrx_word' id='word_1_42' title='bbox 543 600 600 656; x_wconf 81' lang='lat' dir='ltr'>lore</span> <span class='ocrx_word' id='word_1_43' title='bbox 617 597 644 655; x_wconf 91' lang='lat' dir='ltr'>in</span> <span class='ocrx_word' id='word_1_44' title='bbox 659 594 771 675; x_wconf 90' lang='lat' dir='ltr'>obliquo</span> <span class='ocrx_word' id='word_1_45' title='bbox 784 596 854 657; x_wconf 89' lang='lat' dir='ltr'>dolo</span> 
     </span>
     <span class='ocr_line' id='line_1_10' title="bbox 298 674 871 757; baseline 0.002 -22"><span class='ocrx_word' id='word_1_46' title='bbox 298 689 397 737; x_wconf 65' lang='lat' dir='ltr'>ituram</span> <span class='ocrx_word' id='word_1_47' title='bbox 410 691 549 755; x_wconf 84' lang='lat' dir='ltr'>sequetur,</span> <span class='ocrx_word' id='word_1_48' title='bbox 561 676 585 736; x_wconf 92' lang='lat' dir='ltr'>si</span> <span class='ocrx_word' id='word_1_49' title='bbox 595 676 630 736; x_wconf 91' lang='lat' dir='ltr'>sit</span> <span class='ocrx_word' id='word_1_50' title='bbox 639 674 729 736; x_wconf 86' lang='lat' dir='ltr'>simile</span> <span class='ocrx_word' id='word_1_51' title='bbox 740 676 767 735; x_wconf 90' lang='lat' dir='ltr'>in</span> <span class='ocrx_word' id='word_1_52' title='bbox 781 676 871 757; x_wconf 75' lang='lat' dir='ltr'>obliqs</span> 
     </span>
     <span class='ocr_line' id='line_1_11' title="bbox 305 757 877 836; baseline 0 -21"><span class='ocrx_word' id='word_1_53' title='bbox 305 769 355 830; x_wconf 70' lang='lat' dir='ltr'>tto,</span> <span class='ocrx_word' id='word_1_54' title='bbox 367 757 424 816; x_wconf 81' lang='lat' dir='ltr'>lore</span> <span class='ocrx_word' id='word_1_55' title='bbox 433 769 464 816; x_wconf 86' lang='lat' dir='ltr'>ut</span> <span class='ocrx_word' id='word_1_56' title='bbox 473 757 508 816; x_wconf 89' lang='lat' dir='ltr'>sit</span> <span class='ocrx_word' id='word_1_57' title='bbox 518 760 665 832; x_wconf 82' lang='lat' dir='ltr'><strong><em>Marcum,</em></strong></span> <span class='ocrx_word' id='word_1_58' title='bbox 679 757 831 836; x_wconf 81' lang='lat' dir='ltr'>Quintum.</span> <span class='ocrx_word' id='word_1_59' title='bbox 846 761 877 834; x_wconf 83' lang='lat' dir='ltr'>Qt</span> 
     </span>
     <span class='ocr_line' id='line_1_12' title="bbox 311 835 881 909; baseline 0.002 -14"><span class='ocrx_word' id='word_1_60' title='bbox 311 851 400 909; x_wconf 75' lang='lat' dir='ltr'>uetur,</span> <span class='ocrx_word' id='word_1_61' title='bbox 416 835 489 896; x_wconf 76' lang='lat' dir='ltr'>dicet</span> <span class='ocrx_word' id='word_1_62' title='bbox 509 837 532 896; x_wconf 87' lang='lat' dir='ltr'>si</span> <span class='ocrx_word' id='word_1_63' title='bbox 553 838 589 896; x_wconf 90' lang='lat' dir='ltr'>sit</span> <span class='ocrx_word' id='word_1_64' title='bbox 609 836 709 906; x_wconf 87' lang='lat' dir='ltr'>simile,</span> <span class='ocrx_word' id='word_1_65' title='bbox 725 839 853 897; x_wconf 80' lang='lat' dir='ltr'>transitus</span> <span class='ocrx_word' id='word_1_66' title='bbox 872 862 881 896; x_wconf 89' lang='lat'>1</span> 
     </span>
     <span class='ocr_line' id='line_1_13' title="bbox 318 916 888 987; baseline 0.005 -14"><span class='ocrx_word' id='word_1_67' title='bbox 318 936 397 987; x_wconf 69' lang='lat' dir='ltr'>me,</span> <span class='ocrx_word' id='word_1_68' title='bbox 411 916 468 974; x_wconf 85' lang='lat' dir='ltr'><strong>fore</strong></span> <span class='ocrx_word' id='word_1_69' title='bbox 482 929 513 975; x_wconf 91' lang='lat' dir='ltr'>ut</span> <span class='ocrx_word' id='word_1_70' title='bbox 524 916 560 976; x_wconf 90' lang='lat' dir='ltr'>sit</span> <span class='ocrx_word' id='word_1_71' title='bbox 572 916 636 975; x_wconf 77' lang='lat' dir='ltr'>item</span> <span class='ocrx_word' id='word_1_72' title='bbox 650 916 678 977; x_wconf 88' lang='lat' dir='ltr'>in</span> <span class='ocrx_word' id='word_1_73' title='bbox 692 938 792 977; x_wconf 81' lang='lat' dir='ltr'>cervos</span> <span class='ocrx_word' id='word_1_74' title='bbox 804 938 888 977; x_wconf 84' lang='lat' dir='ltr'><em>cerve</em></span> 
     </span>
     <span class='ocr_line' id='line_1_14' title="bbox 324 994 888 1073; baseline 0.004 -20"><span class='ocrx_word' id='word_1_75' title='bbox 324 994 392 1054; x_wconf 80' lang='lat' dir='ltr'>tium</span> <span class='ocrx_word' id='word_1_76' title='bbox 411 1008 462 1065; x_wconf 82' lang='lat' dir='ltr'>est,</span> <span class='ocrx_word' id='word_1_77' title='bbox 477 1007 506 1054; x_wconf 88' lang='lat' dir='ltr'>ut</span> <span class='ocrx_word' id='word_1_78' title='bbox 520 1009 637 1073; x_wconf 82' lang='lat' dir='ltr'>quatuor</span> <span class='ocrx_word' id='word_1_79' title='bbox 650 995 744 1073; x_wconf 69' lang='lat' dir='ltr'>figuras</span> <span class='ocrx_word' id='word_1_80' title='bbox 763 995 837 1056; x_wconf 86' lang='lat' dir='ltr'>vocis</span> <span class='ocrx_word' id='word_1_81' title='bbox 854 997 888 1055; x_wconf 81' lang='lat' dir='ltr'>ba</span> 
     </span>
     <span class='ocr_line' id='line_1_15' title="bbox 330 1072 887 1154; baseline 0.009 -24"><span class='ocrx_word' id='word_1_82' title='bbox 330 1095 371 1133; x_wconf 74' lang='lat' dir='ltr'>ine</span> <span class='ocrx_word' id='word_1_83' title='bbox 387 1072 548 1133; x_wconf 79' lang='lat' dir='ltr'>declinatus.</span> <span class='ocrx_word' id='word_1_84' title='bbox 564 1108 604 1121; x_wconf 94' lang='lat'>-·</span> <span class='ocrx_word' id='word_1_85' title='bbox 617 1076 667 1135; x_wconf 67' lang='lat'>52.</span> <span class='ocrx_word' id='word_1_86' title='bbox 681 1074 803 1134; x_wconf 85' lang='lat' dir='ltr'>Primum</span> <span class='ocrx_word' id='word_1_87' title='bbox 819 1095 887 1154; x_wconf 83' lang='lat' dir='ltr'>genu</span> 
     </span>
     <span class='ocr_line' id='line_1_16' title="bbox 337 1152 889 1225; baseline 0.004 -13"><span class='ocrx_word' id='word_1_88' title='bbox 337 1152 483 1214; x_wconf 83' lang='lat' dir='ltr'>nilitudine</span> <span class='ocrx_word' id='word_1_89' title='bbox 494 1153 520 1212; x_wconf 89' lang='lat' dir='ltr'>in</span> <span class='ocrx_word' id='word_1_90' title='bbox 533 1153 612 1213; x_wconf 80' lang='lat' dir='ltr'>rectis</span> <span class='ocrx_word' id='word_1_91' title='bbox 622 1153 741 1225; x_wconf 77' lang='lat' dir='ltr'>casibus,</span> <span class='ocrx_word' id='word_1_92' title='bbox 755 1154 889 1215; x_wconf 83' lang='lat' dir='ltr'>secundun</span> 
     </span>
     <span class='ocr_line' id='line_1_17' title="bbox 343 1233 889 1312; baseline 0.005 -21"><span class='ocrx_word' id='word_1_93' title='bbox 343 1253 397 1312; x_wconf 75' lang='lat' dir='ltr'>111ae</span> <span class='ocrx_word' id='word_1_94' title='bbox 408 1247 448 1293; x_wconf 78' lang='lat' dir='ltr'>est</span> <span class='ocrx_word' id='word_1_95' title='bbox 460 1234 488 1292; x_wconf 84' lang='lat' dir='ltr'>in</span> <span class='ocrx_word' id='word_1_96' title='bbox 502 1233 632 1312; x_wconf 87' lang='lat' dir='ltr'>obliquis,</span> <span class='ocrx_word' id='word_1_97' title='bbox 643 1233 754 1293; x_wconf 87' lang='lat' dir='ltr'>tertium</span> <span class='ocrx_word' id='word_1_98' title='bbox 765 1236 799 1294; x_wconf 86' lang='lat' dir='ltr'>ab</span> <span class='ocrx_word' id='word_1_99' title='bbox 810 1235 889 1295; x_wconf 81' lang='lat' dir='ltr'>simili</span> 
     </span>
     <span class='ocr_line' id='line_1_18' title="bbox 349 1312 889 1379; baseline 0.004 -7"><span class='ocrx_word' id='word_1_100' title='bbox 349 1334 359 1372; x_wconf 87' lang='lat' dir='ltr'>t</span> <span class='ocrx_word' id='word_1_101' title='bbox 371 1312 528 1375; x_wconf 80' lang='lat' dir='ltr'>transitibus</span> <span class='ocrx_word' id='word_1_102' title='bbox 538 1312 573 1372; x_wconf 89' lang='lat' dir='ltr'>de</span> <span class='ocrx_word' id='word_1_103' title='bbox 582 1333 646 1372; x_wconf 77' lang='lat' dir='ltr'>casu</span> <span class='ocrx_word' id='word_1_104' title='bbox 656 1313 684 1371; x_wconf 90' lang='lat' dir='ltr'>in</span> <span class='ocrx_word' id='word_1_105' title='bbox 696 1333 799 1379; x_wconf 81' lang='lat' dir='ltr'>casum.</span> <span class='ocrx_word' id='word_1_106' title='bbox 811 1315 889 1375; x_wconf 47' lang='lat' dir='ltr'>Primi</span> 
     </span>
    </p>
   </div>
   <div class='ocr_carea' id='block_1_2' title="bbox 0 0 1133 3090">
    <p class='ocr_par' dir='ltr' id='par_1_2' title="bbox 0 0 1133 3090">
     <span class='ocr_line' id='line_1_19' title="bbox 0 0 1133 3090; baseline 0 0"><span class='ocrx_word' id='word_1_107' title='bbox 0 0 1133 3090; x_wconf 95' lang='lat' dir='ltr'> </span> 
     </span>
    </p>
   </div>
  </div>
 </body>
</html>
