2250 3090
186 111 246 170 il!
574 122 592 171 s

184 229 259 312 quod
290 230 343 292 G.⁸
369 228 587 312 §ulpicim-C.³
614 222 715 297 Fdlvio
738 231 806 297 ,Cos
834 230 881 294 Μ.
914 233 977 296 cat-

204 311 284 372 urnio
383 309 481 371 Pisone
580 312 628 374 Pr.
701 311 782 374 nnn.
866 312 978 393 fomente

183 334 285 466 ludos,
344 389 437 461 subito
535 387 571 451 ad
613 406 616 411 ·
671 410 744 471 arma
844 391 978 469 exierint,

186 470 319 532 nuntiatio
385 509 390 519 ι
457 468 590 534 adrentus
614 476 652 513 ¹·
786 469 942 545 hostium,

186 551 331 631 victoresq.
454 549 483 610 in
602 548 738 611 theatrum
826 549 978 629 redierint,

187 630 308 703 solliciti,
430 646 465 690 ne
529 636 537 696 ³.
560 662 563 669 ·
583 629 728 698 intermissi
820 630 980 712 religionem

186 707 342 783 adferrent,
386 738 396 749 ·
428 708 584 768 instaurati
702 708 772 789 quit
852 725 960 789 essent,

186 788 327 851 inventum
386 806 443 848 esse
490 784 530 846 ibi
590 787 624 847 G.
675 787 851 870 Pompinium
873 790 907 860 ⁵,

186 867 346 930 libertinum
524 865 661 944 mimum,
883 888 980 951 magno

152 960 252 1008 vnatu
262 992 273 1023 ,
372 945 421 1028 qui
520 946 558 1008 ad
636 946 777 1008 tibicinem
843 946 980 1009 saltaret.

187 1028 286 1106 ltaq,
379 1023 478 1107 gaudio
627 1046 680 1086 non
820 1026 981 1110 interrupta

186 1105 327 1187 religionis
446 1103 547 1164 editam
673 1125 768 1167 vocem
879 1126 982 1169 'nnnc

186 1203 271 1263 quoq.
300 1244 304 1253 ,
335 1181 477 1246 celebrari.
561 1187 596 1243 At
676 1185 705 1244 in
777 1184 830 1245 hoc
909 1184 982 1249 liban

186 1260 267 1323 refert
405 1261 494 1323 Sinnii
635 1263 777 1346 Capitonis
899 1265 982 1329 verbs

206 1339 289 1401 uibus
302 1355 311 1419 J
341 1370 345 1375 ·
408 1361 453 1402 sos
594 1340 675 1421 ludos
811 1342 982 1426 Apollinares

220 1418 324 1497 audio,
388 1434 415 1480 et
476 1419 577 1487 Fulvio
657 1423 720 1485 (los.
804 1422 887 1484 factos
935 1421 984 1484 di·

187 1500 225 1562 cit
264 1520 299 1560 ex
358 1497 437 1560 libris
471 1546 474 1551 .
516 1498 685 1583 Sibyllinis,
756 1540 759 1545 ·
788 1515 828 1581 et¹
935 1523 986 1565 va·

186 1593 295 1664 ticinio,
333 1595 403 1653 M.⁶
446 1592 535 1654 ratis
654 1592 814 1663 institutos;
938 1614 985 1656 nec

187 1673 342 1734 nominatur
394 1730 398 1735 ,
491 1668 566 1731 nllus
729 1672 926 1754 Pomponius,

186 1751 330 1829 ridiculeq.
433 1749 468 1809 de
564 1751 627 1830 ip.
666 1765 701 1802 ⁷1
824 1751 986 1833 appellatio

185 1849 242 1889 nc·
362 1828 547 1907 parasitorum
680 1830 817 1913 Apollinis
911 1830 986 1892 'iric

185 1915 297 1968 causam
335 1904 428 1968 reddit
467 1936 470 1945 ·
508 1928 571 1969 conr
671 1911 708 1977 in,
800 1931 831 1971 eo
915 1931 987 1993 με·

187 1987 300 2049 terisset.
376 1986 422 2048 Ait
500 1989 611 2049 enim'
654 1988 691 2047 ita
771 1989 925 2072 appellari,

187 2067 261 2146 quod
323 2067 354 2127 C.
410 2067 608 2142 Volumnius,
665 2068 734 2147 qni⁴
790 2069 825 2128 ad
919 2069 987 2131 tibi·

188 2147 278 2210 ciuem
379 2147 510 2221 saltarit,
577 2147 580 2151 ’
632 2147 810 2208 secundarum
925 2170 987 2242 par·

189 2228 258 2286 tium
368 2226 473 2299 fucrit,
512 2252 528 2305 s
575 2225 642 2306 qui·
723 2227 777 2288 lere
858 2229 988 2293 omnibus

188 2307 278 2366 mimis
400 2305 532 2386 parasitus
617 2304 772 2367 inducatur.
896 2293 989 2382 <finam

188 2385 394 2449 inconstantiam
510 2385 602 2456 Verrii
744 2387 828 2449 nostri
935 2408 988 2449 non

190 2461 279 2532 sino
390 2464 487 2526 rubore
547 2479 549 2484 ’
628 2466 731 2527 rettuli.
854 2466 989 2548 ffSalios

190 2563 204 2599 a
266 2543 425 2615 sallendo⁸
487 2558 523 2625 ot¹
587 2545 708 2606 saltando
782 2544 869 2617 dictos
932 2552 989 2619 essje
