2040 3420
454 481 600 558 §t-o.
857 483 915 541 its

111 636 155 653 -
169 607 199 666 ὅ.
210 605 290 682 Quod
307 618 346 664 est
361 618 422 664 nata
438 625 473 663 ex
485 604 602 682 quadam
613 604 807 665 consuetudine
820 607 912 665 analo-

110 688 160 765 gia
174 733 182 761 ‚
197 701 266 746 etex
277 687 329 745 hae
339 687 353 711 *
367 684 560 743 consuetudine
572 684 637 744 item
649 686 781 744 anomalia
789 710 797 755 3
805 686 911 765 itaque*

110 766 283 826 consuetudo
303 786 346 824 ex·
361 764 541 823 dissimilibus
563 779 589 822 et
607 764 744 824 similibus
765 767 912 826 verborum

110 845 190 924 quod
204 845 429 905 declinationibus
444 858 568 903 constat:
583 865 668 922 neque
682 847 813 904 anomalia
826 868 911 925 neque

110 926 289 1004 analogia'est
303 922 489 1005 repudianda,
501 924 552 981 nisi
565 924 588 982 si
602 945 653 982 nen
664 925 795 985 esthemo
806 947 840 984 ex
853 928 911 986 ani·

110 1025 171 1082 ma,
183 1004 256 1083 qued
267 1018 306 1063 est
319 1005 400 1063 homo
410 1024 565 1085 excerpere
577 1018 604 1062 et
616 1003 715 1062 anima.
723 1005 853 1065 -tsed
866 1028 907 1078 ea,

111 1106 176 1162 quie
189 1084 295 1156 dicam,
311 1105 366 1163 quo
381 1083 488 1141 facilius
505 1081 640 1163 pervideri
654 1086 774 1164 possint,
785 1085 862 1165 prins
876 1085 909 1144 de

110 1164 195 1222 trinis
202 1165 307 1244 copulis
318 1163 524 1221 discernendum
541 1171 619 1237 (nam
629 1161 643 1189 *
653 1165 785 1223 eonsusim
795 1185 830 1223 ex
841 1179 909 1224 utra·

111 1264 168 1319 que
179 1259 253 1323 parte
259 1244 386 1323 pleraque
396 1242 656 1319 dicuntur,quorum
667 1243 722 1302 alia
735 1243 771 1302 ad
782 1244 863 1302 aliam
872 1265 909 1302 re·

112 1323 179 1382 ferri
189 1323 287 1382 debent
298 1330 442 1397 summam)
456 1347 462 1378 :
474 1325 592 1401 primum
605 1319 640 1381 de
649 1323 755 1403 copulis
769 1337 869 1382 nature
883 1337 908 1382 et

112 1402 205 1477 esuis,
218 1403 354 1461 ltaeeenim
364 1401 420 1460 duo
429 1415 492 1459 sunt
507 1421 565 1479 quae
576 1400 688 1480 exigunt
699 1402 820 1474 diversa,
834 1403 908 1480 quod

112 1481 192 1541 uliud
203 1496 242 1541 est
254 1481 344 1541 dicere
354 1481 497 1540 verborum
511 1480 665 1557 analogias,
679 1481 756 1541 aliud
769 1482 859 1541 elicere
867 1482 907 1539 uti

113 1576 238 1640 oportere
252 1560 400 1640 analogiis3
413 1560 563 1621 secundum
578 1559 612 1618 de
625 1562 731 1642 copulis
749 1560 906 1621 multitudi-

113 1641 157 1700 nis
169 1663 201 1701 ae
219 1640 298 1714 finis,
325 1656 416 1698 utrum
435 1641 557 1700 omnium
570 1641 715 1701 verborum
734 1642 840 1701 dicatur
851 1663 907 1701 esse

116 1721 300 1799 analogiarum
313 1723 327 1747 *
342 1742 424 1790 usus,
440 1741 474 1779 an
491 1722 599 1801 majoris
623 1723 725 1801 partis;
744 1723 853 1781 tertium
872 1723 907 1780 de

115 1800 222 1881 copulis
246 1820 437 1879 personarum,
459 1801 507 1877 qui
529 1801 567 1859 eis
580 1799 679 1859 debent
693 1801 751 1879 uti,
767 1821 826 1880 quae
844 1815 906 1859 sunt

114 1879 217 1958 plures.
233 1914 272 1927 -··
284 1882 313 1939 5.
329 1880 388 1936 Alia
407 1879 479 1936 enim
492 1878 588 1959 populi
601 1879 737 1951 universi,
749 1881 802 1939 alia
812 1879 904 1958 singu·

114 1959 221 2026 lerum,
232 1973 257 2018 et
268 1959 303 2017 de
315 1958 364 2017 ieis
373 1978 425 2016 non
440 1957 532 2017 eadem
544 1959 658 2018 oratoris
671 1972 697 2017 et
712 1973 815 2046 poetae,
831 1958 904 2035 quod

112 2058 207 2099 eorum
220 2059 274 2099 nou
285 2037 356 2097 idem
369 2038 422 2117 jus
438 2040 531 2116 ltaque
542 2037 660 2118 populus
674 2058 816 2123 univessus
826 2037 905 2097 dehet

113 2116 143 2176 in
166 2118 293 2178 omnibus
304 2118 396 2177 verbis
419 2118 457 2176 uti
477 2117 614 2197 analogia,
631 2132 657 2174 et
672 2118 695 2175 si
710 2139 849 2198 perperam
865 2133 904 2176 cst

111 2212 268 2267 consuetus,
281 2199 414 2274 corrigere
428 2218 456 2256 se
467 2197 556 2277 ipsum
569 2239 577 2271 ,
591 2217 673 2274 quem
688 2210 778 2257 orator
789 2219 841 2257 non
855 2196 902 2255 de-

109 2276 174 2337 bear
186 2277 214 2335 in
227 2276 355 2351 omnibus
364 2276 403 2338 uti
416 2322 424 2351 ,
438 2276 509 2354 quod
525 2279 582 2335 sine
593 2277 739 2335 ofsensione
753 2296 805 2337 non
818 2291 905 2357 petest

110 2356 270 2431 faeere‚cu1n
279 2369 362 2447 poetae
369 2357 504 2417 transilire
512 2357 594 2414 lineas
604 2357 714 2438 impune
720 2357 900 2438 possint-6.

105 2437 348 2516 'Populusemmin
362 2457 410 2495 sua
422 2449 560 2515 potestate,
570 2437 669 2516 singuli
679 2436 706 2495 in
720 2436 903 2515 illius3itaque

109 2529 141 2574 ut
157 2537 234 2575 suam
250 2517 364 2594 quisque
377 2515 614 2588 consuetudinem,
628 2517 650 2575 si
665 2517 735 2575 mala
749 2531 787 2575 est
796 2560 805 2590 ,
815 2517 902 2576 eenri-

106 2592 172 2735 ¹gere
184 2595 279 2668 debet,
295 2597 334 2654 sie
351 2594 471 2676 populus
484 2618 569 2654 suam.
586 2595 643 2676 Ego
654 2597 749 2677 populi
758 2609 902 2656 consuetu-

129 2675 182 2734 inis
190 2697 243 2734 non
255 2697 315 2734 sum
328 2688 357 2733 ut
366 2674 507 2745 dominns,
519 2689 546 2733 ut
555 2676 673 2735 illemeae
685 2689 735 2740 est.
756 2676 795 2735 Ut
806 2676 902 2735 rationi

107 2755 292 2835 obtemperare
310 2752 389 2813 debet
413 2755 595 2831 gubernator,
621 2756 793 2837 gubernatori
817 2775 899 2814 nnus·

107 2834 223 2914 quisque
234 2834 262 2893 in
277 2835 341 2893 navi
350 2834 410 2904 ,sie
421 2835 539 2914 populus
552 2832 649 2895 rationi
661 2878 670 2909 ‚
681 2855 728 2895 nos
740 2834 838 2914 singuli
849 2855 900 2914 po-

105 2915 183 2994 pulo.
205 2917 296 2990 Quare
316 2913 353 2973 ad
373 2934 564 2992 quameunque
584 2935 716 2973 summam
735 2914 762 2973 in
787 2912 901 2974 dicendo

106 2995 231 3069 referam,
254 2996 276 3055 si
290 2993 506 3069 animaduertes,
523 2993 672 3074 intelliges,
691 3006 780 3055 utrum
793 2994 901 3055 dicatur
