2250 3090
415 84 498 129 mu,
519 57 590 114 libro
610 53 649 116 X.
672 76 733 134 cap.
753 57 802 114 91.

298 179 311 216 n
327 159 401 239 qnid
415 159 458 220 M.
474 179 588 240 qnoque
604 160 700 217 Varro
716 160 753 217 de
764 161 822 217 ista
837 181 891 217 voc

298 243 388 313 rimus]
400 240 617 310 existimaverit,
630 240 729 296 verbis
740 241 809 315 ipsis
822 259 860 296 ex
874 241 896 296 l‘

313 318 417 393 lingna
432 318 528 376 latino
541 319 582 375 ad
595 318 760 378 Ciceronem
773 318 906 377 SEXTO

298 397 449 456 strandum
466 399 570 476 potavi
593 421 602 453 .·
626 398 714 474 Quod
733 408 906 470 extremum,

298 524 300 538 ‚
314 479 477 549 dicebatur,
488 489 542 536 etc.

307 556 364 613 haec
387 554 415 611 in
437 555 563 613 omnibus
584 556 720 615 Varronis
739 556 830 630 libris,
853 576 905 615 non

298 633 306 693 Ι
320 635 465 709 QUINTO
479 634 607 715 leguntur
621 634 692 694 libro
704 656 766 715 pag.
781 638 820 696 6⁷
832 637 906 716 Bip,

298 736 323 773 to
337 715 493 774 Florentino
505 714 606 774 codice.
618 716 679 775 Non
691 728 779 775 tamen
790 715 904 775 reticen-

299 816 322 851 ιε
335 793 418 854 Gellii
432 793 549 855 editione
562 816 667 855 revera
680 795 733 876 legi
748 790 814 857 tad
825 797 906 857 Cice-

309 876 338 933 Ν
339 877 396 933 TO.
409 873 456 933 sed
469 875 528 934 haeo
542 896 616 934 mern
629 889 668 934 est
679 879 830 960 conjectura
840 875 906 936 Aldi

317 954 390 1013 ilicet
403 953 501 1012 Aldino
513 956 617 1013 hausta.
631 958 701 1014 Nam
713 977 806 1015 omnes
816 955 904 1017 codd.

322 1055 351 1092 ει
364 1032 430 1091 Divi
445 1034 530 1092 Marci
543 1033 717 1109 bibliotheca,
728 1054 780 1093 non
793 1035 905 1112 quidem

332 1111 469 1187 (vidone.
479 1113 602 1171 Gronov.
611 1114 718 1191 praelat.
729 1114 904 1192 pag.xXX1.

338 1190 506 1269 ntiquissimo
521 1182 673 1270 descriptus
691 1192 762 1263 (vid.
779 1191 905 1253 Politiani

349 1273 380 1343 tl)
391 1271 468 1351 cujus
481 1271 608 1330 lectiones
620 1290 699 1351 penes
710 1290 759 1330 nos
769 1284 843 1345 sunt,
852 1293 904 1331 ser-

352 1351 429 1409 'nrrio
443 1349 469 1407 in
482 1351 577 1428 nntiq.
588 1349 649 1410 lect.
663 1350 713 1425 Ill,
727 1350 755 1410 i.
766 1349 800 1409 de
812 1350 864 1411 hac
876 1374 905 1410 re

363 1434 381 1489 d
400 1442 498 1489 autem
521 1432 592 1489 mint
612 1430 716 1511 religio
735 1442 779 1490 est
797 1443 904 1505 tacere,

368 1512 443 1569 'lium
474 1513 705 1590 montesoriptum
736 1512 798 1572 looeo
823 1526 905 1571 sexto

378 1613 399 1696 ξι.
416 1592 482 1648 Lat.
498 1592 582 1665 libro,
596 1611 654 1649 non
665 1595 766 1655 onim*
