2040 3420
273 544 468 625 um-m
711 551 769 607 am

69 669 205 750 :analogia
218 668 245 727 in
256 669 430 728 infeinciteis*
442 669 564 729 articulis
581 692 587 725 :
600 684 631 730 ut
641 676 766 751 estquis,

63 755 199 831 ‚quoium
216 752 254 808 sic
268 749 401 809 diceretur
420 772 484 828 qua,
509 752 769 830 ‹pram‚quaius*;et

66 834 163 911 aquis
184 836 246 908 qui,
260 830 299 887 sic
317 828 452 888 diceretur
473 850 540 907 qua,
563 851 622 908 quae
635 857 641 889 :
653 853 714 889 narn
729 834 768 891 est

54 910 145 969 ctione
155 909 254 977 simile,
267 922 297 967 ut
307 908 363 967 clere
380 910 467 977 bonae,
488 924 635 986 quaesunt,
657 911 696 969 sic
718 911 768 971 dea

56 1010 109 1067 qua
119 1003 179 1065 est3
194 1002 220 1047 et
236 1001 312 1047 utcst
326 1010 421 1072 queem,
436 992 522 1068 quis:
537 987 576 1047 sic
596 1011 673 1067 quos,
689 1012 765 1069 ques.

45 1068 144 1146 equod
155 1088 226 1127 nunc
237 1067 349 1140 dicitur,
365 1069 412 1146 qui
431 1068 562 1141 homines,
577 1068 631 1126 dici
648 1072 768 1149 oportuit

39 1181 103 1205 .-
114 1151 163 1209 51.
175 1151 305 1207 Praeterea
318 1162 347 1207 ut
359 1162 399 1206 cst
416 1147 449 1205 ab
471 1151 496 1205 is
515 1152 562 1205 ei:
579 1148 618 1207 sic
630 1148 664 1206 ab
676 1168 707 1206 ca
730 1170 767 1209 cae

33 1240 115 1301 retur,
129 1227 203 1306 quod
216 1248 287 1285 nunc
297 1227 397 1285 dicitur
409 1230 455 1301 εἰς
466 1227 686 1305 pronuntiaretur
698 1242 727 1286 nt
738 1229 765 1287 in

29 1306 97 1379 nris,
113 1308 151 1366 sic
164 1307 202 1365 eis
213 1306 372 1365 mulieribus
381 1330 388 1371 ;
397 1320 423 1365 ct
437 1319 466 1364 ut
476 1319 516 1364 est
530 1306 557 1363 in
572 1306 650 1365 rectis
658 1307 766 1366 casibus

23 1406 65 1461 aa,
81 1386 109 1445 in
123 1386 241 1464 obliquis
254 1399 321 1444 esset
341 1385 409 1464 ejus,
426 1388 509 1466 cajus.
525 1387 604 1445 Nunc
618 1406 670 1443 non
684 1386 766 1446 modo

18 1465 85 1525 ririli
98 1466 167 1525 sicut
189 1468 215 1524 in
231 1465 356 1524 muliebri
371 1464 473 1523 dicitur
486 1465 560 1543 ejus,
581 1464 721 1525 sedetiam
736 1466 765 1525 in

13 1545 75 1605 atris
88 1545 218 1620 articulis,
231 1559 260 1603 ut
274 1544 337 1626 ejus
350 1544 411 1621 riri,
426 1548 487 1626 ejus
497 1540 630 1620 mulieris,
643 1549 705 1626 ejus
718 1568 766 1629 pa·

8 1624 32 1683 ,li
47 1646 128 1683 :curn
139 1624 361 1685 discriminentur
370 1625 396 1682 in
411 1626 490 1685 rectis
500 1625 607 1684 casibus
620 1632 655 1699 is,
665 1648 711 1703 ea,
724 1627 765 1685 td.

2 1703 75 1764 rlroc
88 1726 182 1782 genere
199 1704 306 1785 parcius
317 1706 404 1784 attigi,
418 1706 491 1782 quod
505 1704 631 1765 librarios
645 1706 701 1767 baec
710 1708 766 1789 spi·

3 1785 74 1843 lora
88 1784 273 1862 indiligentius
286 1783 402 1842 elaturos
415 1784 520 1864 putavi.

7 1864 58 1931 52.
74 1866 114 1922 De
127 1863 310 1923 nominat:bus
321 1884 381 1940 qum
395 1862 525 1922 accedunt
538 1862 661 1943 proxime
674 1862 707 1921 ad
722 1863 765 1925 in·

7 1941 73 2001 itam
83 1957 205 2001 naturam
220 1942 398 2000 articulorum
411 1955 437 1999 at
458 1963 491 2000 ue
504 1942 767 2025 appellanturyoca·

6 2020 34 2080 la
48 2036 77 2079 ut
92 2023 189 2095 homo,
204 2041 294 2100 equos
311 2048 318 2093 3
338 1964 654 2080 cornurileclinationurn
668 2042 762 2101 genera

0 2114 179 2179 tquattuor:
196 2122 281 2160 uuum
292 2100 460 2171 nominandi,
473 2115 503 2160 ut
516 2102 550 2159 al)
560 2122 628 2180 equo
644 2103 760 2183 curtile.-

12 2209 15 2214 ·
36 2202 82 2239 um
91 2182 206 2253 casuale,
221 2194 250 2239 ut
259 2182 293 2239 alr
303 2202 485 2261 equoepuom
496 2205 502 2238 ε
513 2182 621 2239 tertium
633 2182 761 2263 augendi,

15 2260 52 2317 ab
69 2259 144 2335 albo,
162 2262 257 2319 albius
273 2284 280 2319 r
296 2273 422 2338 quartum
442 2258 593 2331 minuendi,
612 2276 642 2321 ut
662 2284 676 2319 a
696 2261 761 2323 cista

0 2340 83 2398 tecla.
94 2342 193 2400 -55,
216 2341 336 2400 Primum
351 2360 446 2415 genus,
466 2354 494 2399 ut
508 2339 580 2413 dixi,
595 2340 686 2417 idest,
701 2363 761 2402 cum

1 2419 58 2497 iqua
70 2434 146 2501 parte
158 2420 288 2480 orationis
301 2419 433 2478 declinata
445 2435 507 2479 sunt
520 2434 593 2480 recto
607 2442 669 2481 casu
682 2442 762 2481 voca-

8 2498 46 2570 le,
58 2514 89 2559 ut
101 2520 116 2557 a
128 2501 231 2559 balneis
241 2500 404 2559 balneator.
419 2500 477 2559 Hoc
488 2502 542 2560 lere
552 2502 672 2581 triplices
682 2500 762 2561 habet

3 2578 73 2637 rices
86 2605 92 2637 :
105 2580 179 2656 quod
192 2595 217 2639 et
229 2600 243 2637 a
253 2579 493 2648 romuleorum,
506 2594 536 2639 nt
548 2602 562 2638 a
575 2594 701 2639 venatore
712 2594 781 2641 ve·'

4 2659 111 2718 bulum
127 2684 134 2718 ε
150 2673 176 2718 et
193 2680 207 2717 a
223 2660 340 2730 nomine,
357 2673 416 2717 uta
435 2660 540 2719 Tilrurc
556 2662 660 2719 Tiburs
678 2684 686 2723 τ
708 2675 762 2720 eta

2 2738 64 2811 rho,
79 2753 110 2797 ut
125 2760 139 2796 a
154 2739 287 2798 currendo
300 2759 410 2803 cursor.
424 2742 455 2799 ln
470 2740 546 2798 nullo
560 2740 658 2798 lrorum
670 2740 762 2799 analo·

1 2839 40 2875 in
52 2820 153 2877 servari
166 2818 281 2878 videbis.
296 2852 330 2865 —-
345 2820 392 2877 54.
410 2819 529 2877 Primum
541 2840 603 2877 cum
615 2820 722 2878 ‹licatur
733 2835 762 2879 ut

1 2918 62 2955 rore
72 2912 98 2957 et
108 2921 155 2958 sue
168 2902 244 2957 ovile
255 2913 281 2957 et
293 2900 379 2970 suile,
395 2898 458 2955 sica
475 2900 542 2957 liovc
551 2898 643 2957 hovile
655 2920 706 2957 non
719 2896 762 2957 di-

7 2999 40 3035 ur
51 2999 59 3047 3
69 2991 95 3036 et
109 3000 169 3037 cum
180 2980 267 3038 simile
281 2980 315 3037 sit
326 2979 384 3037 avis
397 2992 423 3035 et
437 2978 504 3053 ovis,
519 2999 605 3057 neque
616 2978 717 3039 dieitur
733 2992 762 3036 ut

1 3078 62 3116 1ave
71 3062 230 3135 aviarium,
241 3060 276 3119 ab
285 3061 351 3121 *ore
359 3058 504 3135 oviarium,
515 3078 603 3140 neque
612 3058 798 3343 ιίβ
937 3043 948 3103 l
