2250 3090
166 96 205 153 ll
420 116 456 154 m.
481 116 579 163 tutti
600 118 703 159 succi

164 216 302 298 (templo),
312 216 347 277 iis
361 214 466 283 scilieet
475 220 683 299 percommode,
693 223 743 301 qui
755 224 858 297 Verrio
869 244 961 293 nocuo

163 300 259 359 Festos
270 294 432 357 Consulum
449 298 618 381 Capitolinos
629 300 749 363 tribuere
761 304 900 383 quondum
913 330 960 373 vo

163 376 357 439 luerunt-llum
368 374 486 437 dubium
497 399 555 439 esse
567 398 621 439 non
632 394 720 463 potest
728 404 800 461 quos
814 386 962 459 Suetonius

163 458 271 549 &spos
280 455 320 519 ab
329 454 433 519 illustri
449 459 625 537 grammatico
634 460 773 523 ordinatos
781 454 959 543 biettex'erit,

162 535 406 697 When&
423 536 517 599 Ovidii
537 540 597 601 loeo
617 540 646 601 iu
668 541 757 605 Fastis
775 544 960 627 v1‚5't‚sqq.

177 785 230 835 Nee
239 793 324 834 temen
334 783 403 835 huuc
411 782 486 837 nobis
496 783 676 839 tautummodo
688 798 792 853 prestet
803 789 929 845 bonorem

246 871 343 939 Romu
356 869 497 923 suburbani
503 871 569 925 deut
579 870 644 925 mibi
653 890 746 927 munus
755 873 835 931 idem.

178 961 292 1027 Inspice,
303 976 368 1028 quos
377 956 473 1011 hubent
483 960 622 1034 nemounlis
632 963 721 1015 isiciu-
732 962 822 1028 iustos,

244 1054 279 1104 Et
288 1050 396 1120 populus
407 1053 529 1115 Laurens,
542 1052 735 1122 Lanuviumque
746 1070 840 1106 mcum

177 1144 223 1193 Est
230 1139 283 1192 illic
298 1138 390 1193 mensis
403 1140 536 1191 iunouius.
548 1139 650 1207 Inspice
658 1138 749 1202 libus,

241 1231 276 1281 Et
286 1227 445 1281 Praenestinae
456 1228 550 1280 moenio
562 1245 635 1279 secra
648 1229 718 1281 Dese:

176 1316 190 1365 J
194 1311 301 1366 unonsle
312 1312 499 1382 legestempus.

199 1471 254 1535 Sed
264 1470 357 1533 dehis
373 1470 500 1530 omnibus
513 1469 648 1531 eruditam
659 1468 786 1561 Foggiuii
796 1468 960 1561 disputatio-

160 1571 287 1615 ncmuou
296 1551 364 1612 libet
373 1562 502 1631 repetere.
510 1551 551 1609 Ne
559 1562 674 1628 quatuor
683 1547 794 1628 quidem
804 1569 853 1627 qut
863 1568 960 1630 super-

159 1646 223 1692 sunt
233 1675 242 1707 ,
260 1630 335 1708 iique
354 1629 465 1705 mutili,
480 1628 641 1691 Kalendarii
662 1647 766 1688 meuses
781 1626 856 1707 justa
874 1629 961 1687 formu

160 1710 312 1771 exscribere
332 1706 490 1789 potuimus,
505 1707 549 1769 vel
565 1707 629 1786 quie
649 1721 718 1767 notae
742 1705 778 1767 ad
795 1705 960 1767 illustranda

159 1791 211 1847 ista
220 1789 375 1867 ,fragmenta
386 1787 540 1849 necessariae
550 1788 628 1847 facile
642 1785 754 1847 modum
769 1785 853 1865 hujus
869 1784 960 1844 libelli

160 1867 345 1929 excessissent.
363 1868 404 1929 Ea
416 1880 521 1929 tentum
539 1866 716 1947 subjicimus,
737 1886 797 1945 que
815 1863 960 1927 Verriauae

160 1968 248 2027 operae
264 1948 406 2021 rabonem,
417 1961 444 2007 ct
456 1969 505 2028 per
524 1968 553 2009 se
568 1961 595 2006 ct
609 1967 672 2005 cum
697 1942 854 2027 fragmentis
867 1965 882 2003 e
895 1944 959 2003 Ma·

160 2028 253 2087 emble
266 2026 372 2102 ellutis,
382 2026 446 2089 sotis
459 2027 614 2108 significare
633 2024 787 2085 videantur.
802 2022 860 2099 Qui
879 2020 960 2103 plura

160 2106 374 2178 desiderabunt,
399 2106 525 2186 Fogginii
556 2103 662 2164 tabulas
689 2117 714 2163 et
738 2100 961 2163 commentarium

161 2187 269 2262 adeunt,
277 2187 322 2249 vel
329 2185 424 2247 saltem
434 2186 539 2245 Orellii
547 2186 636 2245 Inser.
644 2186 765 2254 Latinas,
775 2203 836 2261 cap.
846 2201 925 2253 xxii,
933 2192 963 2238 et

161 2271 200 2327 F.
213 2268 257 2330 A.
267 2267 361 2349 Wolf·
370 2265 398 2327 in
412 2265 543 2327 Suetonio
551 2285 613 2335 suo,
624 2262 704 2323 Tom.
713 2264 767 2334 lv,
777 2284 807 2344 p.
819 2263 852 2321 51
860 2256 959 2330 5555,
996 2278 1000 2285 ’

162 2368 279 2423 quorum
299 2360 413 2424 uterque
431 2345 580 2423 fragmenta
599 2340 695 2402 recudi
707 2341 814 2401 curavit
833 2358 896 2398 cum
910 2357 960 2395 ex-

162 2427 294 2504 positione
306 2441 334 2487 et
351 2423 547 2514 supplementis
564 2425 586 2482 F
588 2421 702 2503 oggiuii,
713 2421 758 2480 hie
772 2418 883 2480 editoris
898 2414 962 2476 Itali

163 2505 394 2642 {pterpretutiones
407 2517 486 2565 etum
499 2503 527 2562 in
541 2499 734 2582 compendium
746 2499 867 2560 redactos
880 2492 960 2555 addi·

183 2599 214 2645 11.
