2250 3090
294 91 340 115 ...υ
356 78 447 116 acuite
463 58 561 115 veteris
575 58 713 138 scriptoris
728 58 799 116 libro
812 78 847 117 ex
861 81 876 137 p

292 136 370 194 uum
381 136 473 197 codice
482 153 569 209 eruto,
579 141 732 217 conjectura
743 138 881 217 augur-aba

292 216 393 291 notior,
408 216 546 294 animique
554 218 672 282 saueius,
683 216 768 275 donec
777 216 845 294 quid
856 218 881 275 li.¹

292 296 298 354 i
312 310 402 376 posset
414 295 623 367 intellexissem,
635 296 677 353 bis
690 310 785 374 terque
797 298 823 354 in
837 298 888 355 assi

292 383 305 434 tt
321 375 456 434 librorum
473 374 615 433 lectionem
630 396 672 434 me
688 375 887 454 ingurgitatum

292 454 446 513 iliaritatem
459 454 577 512 hominis
590 454 641 511 mci
657 455 694 513 ita
710 476 753 512 mc
767 455 897 513 insinuari

292 537 351 613 ejus
362 546 388 593 et
401 534 429 592 iu
440 532 577 592 sentiendo
589 547 616 591 et
627 533 655 592 in
668 533 784 593 dicendo
794 532 901 615 propria

292 634 361 672 icere
369 612 516 672 studerem.
526 616 590 673 Haec
598 634 661 705 pars
669 612 820 674 studiorum
832 636 903 673 meo-

294 706 324 766 tt,
339 693 384 751 cui
398 693 569 771 aliquantum
577 693 718 753 tribuerim
732 716 739 752 t
754 714 841 772 neque
850 694 904 752 dis-

298 786 376 855 optet·
389 774 447 853 ejus
461 774 636 851 gravitatem,
652 795 715 833 cum
727 774 755 832 iu
766 777 903 833 sententiis

312 854 445 933 objectam
456 852 622 933 aucupandis
632 853 740 912 defixus
748 874 843 926 essem,
857 876 903 913 nc-

305 931 358 991 iam
375 934 446 1000 alia,
462 952 549 1009 quma
564 952 606 990 me
618 934 769 1012 exspectari
782 933 902 1011 potuisse

310 1032 337 1071 tx
353 1013 510 1071 criticorum
528 1011 672 1088 operibus,
695 1032 755 1088 qua·
769 1014 902 1070 Varronis

315 1092 397 1150 ricula
412 1092 480 1149 sacta
494 1102 598 1161 essent,
616 1110 681 1148 cum
694 1093 837 1168 anquirere
848 1111 899 1150 coe-

319 1183 339 1229 rt
352 1170 489 1251 Spengelii
507 1188 621 1227 messem
635 1168 762 1248 stipulam
777 1170 901 1228 corrade-

326 1250 407 1323 llexi‚
420 1248 623 1309 subsecivarum
636 1269 756 1307 mearum
771 1247 900 1307 horarum

326 1330 426 1388 tuosius
439 1328 566 1387 collocari
580 1348 632 1385 non
647 1348 735 1409 posse,
751 1342 832 1405 atque
847 1350 900 1386 unu

331 1408 353 1467 is
371 1422 397 1467 et
414 1407 578 1488 pensitandis
596 1407 640 1467 liis
659 1408 725 1488 ipsis
739 1407 817 1468 libris
828 1423 899 1467 tran-

335 1511 342 1544 i
361 1490 423 1579 [ilus
442 1487 586 1567 proficere,
605 1508 687 1566 quam
704 1489 793 1548 tribus
807 1490 834 1546 in
852 1489 899 1546 itta

339 1581 393 1627 tiis.

343 1648 444 1694 titutum
468 1650 549 1686 pff·
