2040 3420
415 509 442 585 s.
463 506 619 567 ts-to.
720 472 726 489 ‘
864 506 906 569 so

148 644 200 703 tr.
214 641 349 701 Osanete
355 637 479 719 Apollo,
488 641 541 717 qui
550 637 724 698 umbilicum
735 650 843 700 certum
854 651 904 700 ter-

250 750 350 791 rarum
361 723 501 789 obtines!

110 854 291 916 Umdilr'cum
302 852 406 913 dictum
417 853 495 913 aiunt
513 853 548 913 nb
560 852 691 913 umbilico
711 866 816 928 nostro,·
851 855 906 914 uod

106 936 133 996 is
147 932 255 996 medius
268 932 345 994 loeus
355 933 543 1007 sitterrerum,
558 946 588 992 ut
602 932 748 993 umbilicus
762 933 789 991 in
802 875 880 994 uoltis
896 959 903 1003 ;

105 1012 187 1095 quod
202 1027 347 1092 utrumqne
358 1012 513 1072 estfalsum.
528 1014 623 1091 Neque
633 1011 678 1071 hio
688 1012 763 1072 locus
773 1026 813 1073 est
820 1026 905 1074 terra·

104 1114 174 1155 rutn
187 1091 304 1169 medius,
316 1113 403 1170 neque
417 1106 507 1153 noster
518 1092 665 1151 umbilicus
677 1106 716 1152 est
727 1091 843 1152 hominis
854 1114 905 1153 me-

107 1172 187 1235 dius.
198 1174 292 1252 ltaque
295 1171 425 1310 ¹pingitur
432 1193 492 1251 quae
501 1185 612 1234 vocatur
621 1177 640 1245 ἡ
649 1171 736 1263 polu*
749 1172 904 1264 Πυθαγόρα,

107 1264 142 1313 nt
155 1251 246 1315 media
258 1272 295 1312 σε
307 1273 317 1311 r
330 1271 361 1310 ae
369 1264 446 1311 terrae
457 1251 528 1311 linea
539 1249 655 1310 ducetur
664 1253 735 1311 infru
746 1251 905 1312 umbilrcutn

106 1330 200 1413 perid
213 1351 268 1410 qno
280 1330 454 1405 discernitur,
471 1331 552 1390 homo
562 1351 619 1389 mas
635 1350 668 1389 an
680 1330 786 1390 foeminn
796 1331 842 1405 sit,
856 1330 905 1390 ubi

107 1424 187 1473 ortus
197 1412 343 1486 humanus,
355 1410 453 1469 similis
463 1424 493 1469 nt
506 1411 535 1469 in
548 1408 661 1478 mundo,
672 1410 719 1469 ubi
727 1410 904 1470 etiamomnio

107 1504 258 1552 nascuntur
277 1490 306 1549 in
319 1489 420 1564 medio,
436 1487 510 1568 quod
525 1504 596 1550 terra
608 1487 705 1550 mundi
718 1488 817 1550 media.
832 1491 904 1550 Prae-

109 1583 184 1630 terea
196 1569 220 1629 si
233 1568 311 1651 quod
323 1569 471 1643 medinm*,
487 1583 516 1629 ut
526 1567 611 1650 pile,
625 1582 702 1630 terrae
716 1595 722 1628 :
737 1590 789 1629 non
804 1568 905 1651 Delphi

108 1648 243 1711 medinm.
258 1648 312 1711 Sed
330 1663 409 1710 terre
421 1649 555 1724 medium,
575 1670 628 1710 non
641 1651 693 1711 hoe
706 1648 753 1710 sed
770 1648 844 1729 quod
856 1670 905 1710 vo·

111 1742 173 1788 cent
186 1727 309 1810 Delphis,
333 1728 362 1788 in
378 1727 435 1788 aede
456 1728 491 1788 ad
511 1729 582 1789 latus
595 1743 634 1788 est
648 1729 788 1808 quiddam,
805 1743 834 1790 ut
847 1727 905 1788 the·

110 1807 185 1871 sauri
196 1808 295 1889 specie,
306 1805 380 1888 qnod
392 1808 481 1868 Graeci
505 1821 603 1868 vocant
615 1809 744 1890 ὀμφαλόν,
759 1830 837 1888 quem
851 1811 905 1889 Py-

111 1886 214 1947 thonos
242 1880 319 1946 diunt
341 1886 500 1957 tumulum
523 1887 558 1945 nb
580 1907 612 1946 eo
641 1888 724 1946 nostri
746 1888 904 1968 interpretes

60 2010 66 2015 -
109 1966 412 2104 dppnitdtumbilicum
424 1964 563 2025 dixerunt.

171 2047 199 2109 8.
211 2046 347 2107 Pacuvius
358 2067 365 2101 ε

173 2171 345 2246 Calydonia
358 2172 450 2231 altrix
464 2183 541 2230 terra
557 2180 768 2250 exuperantem
793 2170 903 2229 uirum.

109 2295 150 2354 Ut
160 2313 223 2372 ager
232 2293 411 2369 Tusculanus,
423 2295 462 2358 sic
472 2294 640 2378 Calydonius
649 2272 712 2373 eger
723 2305 773 2367 est,
784 2313 836 2353 non
850 2305 905 2354 ter·

110 2393 170 2445 ra,·
184 2371 232 2432 sed
242 2372 300 2454 lege
315 2375 428 2457 poetica,
449 2375 524 2457 qnod
535 2390 604 2435 terra
617 2372 730 2447 AEtolia,
745 2372 773 2432 in
787 2394 841 2453 qua
853 2375 905 2435 Ca-

109 2450 421 2594 lytlpbn,pcpplppe=totam
433 2455 520 2537 accipi
531 2452 764 2517 AEtoliamvoluit.

214 2660 345 2738 Mystico
354 2659 396 2718 ad
402 2659 537 2719 dextram
547 2659 630 2720 ouda
637 2659 825 2740 proeterveetr'.

114 2783 246 2857 Mystico
257 2802 272 2839 a
286 2781 422 2864 mysteriis
434 2802 494 2861 quae
506 2781 546 2842 ibi
559 2782 587 2841 in
601 2780 760 2864 propinquis
774 2778 841 2840 locis
854 2797 904 2838 no-

111 2859 273 3000 nrnpnppp.

190 3057 499 3139 Areopagitoequidem
508 3057 612 3118 dedere
622 3074 737 3135 equam
749 3055 902 3138 pugnam*
