2040 3420
141 162 180 222 to
414 178 499 218 uranu
521 176 662 229 QUtNTL's.
747 192 751 199 ·

141 284 279 376 superiore
289 297 364 364 parte
377 282 503 341 coenitare
516 296 667 363 coeperunt,
681 283 832 365 superioris
842 282 926 343 domna

141 382 267 423 universa
275 364 429 422 coenaculo
441 362 515 421 dieta
528 376 720 442 :posteaquam
734 363 785 423 ubi
794 364 927 437 &nabunt

141 444 218 523 pluro
226 444 311 503 saoere
320 452 470 523 coeperuut,
482 456 511 501 ut
522 442 549 500 in
561 443 655 502 castris
670 442 705 502 ab
714 444 807 503 hieme
816 444 928 517 hiberna,

141 524 296 582 hibernum
309 521 407 582 domus
419 536 570 617 vocarunffi
584 523 718 581 contraria
723 567 859 583 .....

199 650 258 706 Hic
267 647 377 729 defecit
389 647 542 726 exemplar
545 643 637 727 soliis
652 648 780 707 duobus.

181 772 251 831 tos.
277 817 284 828 .
309 819 315 832 .
336 770 465 850 ligionem
484 769 598 830 Porcius
623 770 771 849 designat,
814 793 877 832 unm
905 772 935 831 de

139 850 229 911 Ennio
243 851 362 912 scribens
373 850 440 909 dicit
452 870 515 909 eum
528 850 644 909 coluisse
660 792 873 911 Tutilinaeiom.
887 854 937 913 se-

139 932 233 1010 quitur
251 944 337 1009 pnrta
360 932 484 1004 Neviae,
508 930 583 1009 quod
601 930 630 989 in
650 930 810 991 nemoribus
836 932 938 993 Naeriis

140 1018 150 1083 (
158 1011 264 1072 Naevii*
278 1011 374 1070 etenim
388 1011 447 1069 ioca
458 1009 506 1069 nbi
515 1032 545 1068 aa
554 1016 574 1085 )¹
588 1008 627 1069 sie
640 1008 723 1072 dicta.
740 1010 848 1071 Deinde
860 1012 940 1072 Rau·

141 1092 277 1164 duscula,
289 1090 363 1170 quod
374 1102 455 1149 aerata
465 1089 526 1149 fuit.
545 1088 594 1151 AEs
607 1090 719 1149 raudus
733 1088 849 1159 dietim,
862 1112 901 1151 ex
910 1114 940 1152 eo
973 1107 975 1113 ’

139 1172 307 1230 ueteribusin
320 1169 463 1250 mancipiis
474 1168 605 1249 seriptum
618 1194 624 1226 :
637 1170 821 1231 raudusculo
832 1172 942 1232 libram

128 1254 233 1335 ferito.
244 1251 314 1310 Hine
324 1250 538 1310 Lauernalisab
551 1271 596 1308 ara
606 1248 750 1323 Lavernae,
762 1250 889 1328 quodibi
899 1272 942 1311 ara

135 1330 450 1411 ejus.-i6l.Praeterea
459 1327 720 1389 intramurosvideo
729 1343 821 1411 portas
831 1328 942 1393 dioilo

109 1416 113 1421 '
136 1410 240 1471 Palatio
254 1412 431 1471 Mucioua'sa
448 1409 565 1487 mugitu,
581 1406 654 1489 quod
665 1428 790 1491 capetus
803 1409 833 1467 in
845 1410 943 1473 bucita

136 1492 239 1552 circum
261 1490 399 1569 antiquom
418 1510 433 1546 o
456 1488 552 1580 pidum
563 1488 716 1567 exigebant.
740 1486 864 1549 niteram
879 1493 941 1552 tto-
973 1532 975 1543 ·

137 1574 289 1631 manniam
298 1568 333 1629 ab
341 1508 549 1637 Romnirrtam
559 1564 812 1650 quaehaibetgradus
821 1568 852 1629 in
862 1572 941 1631 Nova

136 1654 180 1711 ria
194 1651 229 1711 ad
238 1648 365 1793 Voloffiae
377 1648 516 1709 sacellum.
525 1681 566 1696 -
579 1650 647 1711 165.
661 1647 755 1708 Tertia
766 1661 809 1707 ost
821 1650 940 1711 Janua-

137 1732 175 1790 lis
184 1732 254 1792 dicta
268 1730 302 1789 ab
333 1750 403 1805 ano;
423 1744 449 1789 et
461 1728 522 1787 ideo
536 1728 575 1787 ibi
590 1729 710 1809 'positum
722 1727 785 1789 Jani
800 1728 914 1807 signum
930 1756 936 1799 ;

136 1811 215 1889 etjus
227 1810 380 1871 institutum
400 1832 414 1869 a
429 1807 575 1888 Pompilio,
592 1821 622 1867 ut
633 1808 727 1867 scribit
741 1808 769 1865 in
784 1808 935 1869 Annalibus

136 1886 209 1967 Piso,
221 1904 250 1951 ot
267 1890 301 1950 sit
315 1902 405 1971 aperta
417 1908 532 1971 semper,
547 1886 601 1947 nisi
631 1908 695 1947 uom
703 1886 807 1947 bellom
817 1887 853 1948 s'it
867 1911 933 1949 nus·

136 1989 226 2049 oriam.
240 1970 384 2031 Traditum
407 1983 446 2030 est
461 1908 756 2049 memoriae‚ql³ompilio
775 1988 839 2043 rege
853 1968 933 2028 fuisso

136 2064 267 2130 opertam,
281 2064 307 2110 et
321 2048 454 2130 post'Tito
464 2046 571 2110 Manlio
588 2046 715 2124 Consule,
725 2045 797 2105 bello
808 2048 931 2127 Cartagi-

136 2130 212 2190 nensi
223 2131 310 2210 primo
322 2128 453 2205 confecto,
468 2128 562 2188 eodem
574 2126 661 2187 anno*
672 2140 792 2210 opertam
804 2128 847 2185 et*
858 2148 932 2208 aper·

136 2224 199 2269 lam.

177 2290 244 2350 166.
256 2290 293 2348 Su
315 2310 345 2348 er
355 2288 461 2348 ienmlis
473 2288 590 2367 origines
601 2308 668 2367 quas
679 2284 782 2345 adverti
793 2284 848 2345 irae.
865 2288 931 2346 Lec-

137 2374 213 2445 tica,
234 2310 313 2447 qual
325 2369 449 2451 legebant
468 2369 541 2428 unde
560 2388 618 2428 eam
648 2368 765 2426 facerent
788 2379 932 2425 stramenta

136 2465 214 2529 atque
234 2448 363 2523 herbam,
384 2463 414 2507 nt
429 2448 509 2508 etiam
524 2469 596 2511 nuno
615 2448 646 2507 [it
663 2447 691 2506 in
712 2444 813 2506 eastris.
833 2448 932 2520 Lecti,

136 2529 221 2611 quod,
231 2550 264 2588 ne
274 2543 360 2590 essent
369 2530 396 2588 in
409 2542 489 2601 terra,
501 2527 625 2587 sublimis
634 2530 661 2587 in
670 2524 775 2607 lignis*
805 2526 931 2599 onnam,

135 2610 188 2669 uisi
200 2611 235 2669 ab
250 2631 295 2684 oo,
309 2608 382 2690 quod
396 2607 605 2687 Greciuntiqui
621 2604 746 2667 dicebant
764 2608 876 2685 λεκτρον
889 2606 931 2665 le-

126 2708 203 2757 atum
209 2692 273 2781 poti
277 2690 381 2773 us.Qui
391 2688 521 2755 leuium
528 2684 787 2763 iurotrehanurnrod
798 2686 851 2745 fore
861 2699 932 2745 stru-
