2040 3420
413 550 606 631 tm-m
848 555 903 616 tm

108 679 249 824 ananiam,
262 678 309 738 ubi
322 676 472 738 similitudo
485 700 542 739 essu
552 679 657 752 debeat,
670 696 805 760 nequeunt
818 698 904 743 osten·

129 784 186 833 ere,
200 759 370 840 impudentes
392 773 453 816 sunt
467 759 513 836 qui
533 759 628 819 dicunt
641 782 698 820 esso
710 761 855 840 analogias.
866 798 905 809 -

110 846 162 903 Ω.
177 841 298 901 Alterum
316 836 385 897 illud
398 838 470 916 quud
488 839 558 913 dixi,
571 841 798 918 quemadmodum
817 838 906 903 similo

109 922 225 1005 spectari
238 932 381 1000 oporteret,
397 919 519 997 ignorare
532 934 644 1001 apparot
657 942 690 979 ex
703 942 794 980 curtim
827 944 906 982 rauce·

129 1017 169 1074 to,
180 999 254 1079 qnod
277 1000 381 1071 dicunt,
396 1019 477 1075 quom
491 1000 651 1058 transierite
665 944 825 1062 nominandi
836 1004 905 1061 easi-

107 1024 163 1144 lus
177 1081 204 1140 in
213 1100 258 1138 eos
269 1099 336 1157 quos
348 1078 485 1156 appellant
497 1079 626 1147 vocandi,
637 1094 694 1139 tum
702 1080 817 1159 donique
829 1103 906 1162 posse

108 1162 268 1233 dicirttctus
279 1180 335 1217 osse
345 1157 442 1215 similis
456 1171 502 1216 aut
522 1159 681 1232 dissimilis;
696 1174 764 1218 osset
777 1163 861 1233 enim,
876 1176 906 1219 ut

108 1242 134 1303 si
147 1240 211 1321 qnia
231 1238 410 1297 lllonaeclnnus
421 1239 541 1314 geminos
551 1258 632 1316 quum
654 1239 754 1312 videat,
767 1240 839 1298 dicat
852 1260 904 1298 non

107 1317 315 1403 posse'ndicai·e
326 1317 461 1375 similesne
472 1319 536 1389 sint,
549 1318 599 1375 nisi
612 1319 659 1395 qui
674 1340 707 1377 ox
722 1318 765 1377 lis
776 1320 830 1378 sint
838 1320 905 1385 nati,

107 1338 298 1469 considerauit,
320 1418 384 1454 num
399 1396 551 1475 discrepent
572 1397 641 1455 intur
663 1418 699 1457 se.
712 1430 751 1445 -
765 1401 815 1459 45.
829 1399 905 1458 Nihil

107 1482 234 1559 inquam,
247 1498 302 1555 quo
312 1477 397 1553 magis
407 1477 529 1535 minusve
541 1477 576 1535 sit
589 1476 688 1550 simile,
701 1477 775 1555 quod
787 1477 905 1539 conseras

108 1580 175 1620 cum
185 1558 279 1627 altero,
292 1554 327 1615 nd
336 1555 516 1635 judicandum
528 1557 693 1616 extrinsecus
706 1571 812 1639 oportet
825 1557 904 1617 sumi.

105 1642 203 1718 Quare
215 1660 277 1698 cum
302 1638 435 1716 ignorant,
451 1636 678 1713 quemadmodum
697 1636 848 1698 similitudo
858 1636 904 1696 de-

59 1776 64 1787 ‚
105 1718 264 1789 beatumi,
279 1717 314 1776 de
324 1718 444 1793 analogia
455 1716 546 1777 dicere
556 1736 608 1775 non
624 1731 746 1797 possunt.
759 1720 822 1779 Haen
832 1738 904 1797 aper·

106 1801 168 1860 tius
178 1797 307 1857 dixissem
321 1798 371 1854 nisi
383 1795 493 1854 brevius
504 1819 535 1855 eo
546 1816 617 1855 nunc
631 1796 750 1871 mallem,
771 1796 844 1874 quod
859 1798 904 1855 in-

105 1881 149 1939 tm
158 1891 222 1937 sunt
232 1877 304 1958 plani
309 1896 339 1933 us
347 1874 510 1955 usurpanda.
522 1880 613 1949 Quare
624 1876 698 1954 quud
708 1875 742 1933 ad
750 1878 904 1937 universam

106 1972 232 2019 naturam
252 1955 397 2016 verborum
417 1954 522 2029 attinet,
537 1954 594 2013 haec
607 1954 726 2035 attigisse
745 1956 826 2017 modo
841 1956 904 2015 satis

106 2052 159 2099 θὸῐ.

87 2125 90 2131 “
148 2118 200 2179 M.
213 2112 295 2190 Quod
303 2112 338 2173 ad
350 2115 432 2193 partis
445 2112 565 2192 singulas
575 2112 712 2185 orationis,
724 2111 850 2196 deinceps
861 2113 903 2173 di·

107 2218 187 2267 cam
200 2196 300 2275 quujus
319 2195 446 2272 quoniam
466 2205 528 2253 sunt
550 2190 696 2251 divisiones
710 2192 812 2273 plures,
832 2214 904 2254 nunc

107 2296 208 2359 ponam
220 2274 388 2355 potissimum
396 2274 453 2354 jam
463 2294 516 2351 qua
529 2271 676 2337 dividitur.
690 2272 904 2333 Oratiosacanda

109 2370 140 2417 nt
150 2368 247 2416 natura
260 2353 286 2410 in
300 2367 426 2430 quattuor
443 2353 526 2433 partis
539 2375 545 2408 :
559 2353 586 2409 in
600 2372 671 2421 eam,
687 2374 746 2430 qnae
760 2352 840 2412 habet
853 2374 904 2412 ea-

107 2457 171 2505 sns.;
185 2448 211 2495 et
224 2452 284 2513 quae
301 2432 382 2491 hobet
398 2448 520 2513 tempora
528 2454 537 2507 ;
549 2446 576 2490 ot
586 2452 646 2510 qnae
665 2430 746 2491 habet
757 2445 881 2492 neutrum
895 2458 903 2508 ;

107 2530 135 2576 et
148 2516 176 2576 in
202 2534 254 2593 qua
274 2526 313 2570 est
327 2526 482 2591 utrumque.
498 2514 552 2573 llas
565 2524 661 2572 vocant
673 2511 784 2589 qnidam
810 2534 824 2570 a
847 2513 904 2593 pel·

108 2594 196 2668 laudi,
209 2591 329 2663 dicendi,
345 2592 571 2664 atlminioolandi‚
583 2590 727 2672 jungundi,
743 2534 903 2671 Appellantli

106 2674 265 2745 dicitor‚1it
288 2673 375 2730 homo
396 2686 419 2730 ut
445 2674 574 2732 Nestor:
592 2670 711 2749 dicendi,
728 2683 759 2729 ut
770 2674 865 2730 scribo
879 2686 905 2730 et

109 2758 195 2837 lego:
211 2750 354 2834 jungendi,
380 2766 410 2810 ut
423 2765 451 2810 et
472 2752 512 2811 et*
527 2772 584 2832 qua
599 2774 608 2807 .·
621 2748 847 2827 adminiculandi,
875 2766 904 2810 ut

108 2839 192 2895 docte
201 2846 227 2892 et
241 2832 399 2891 caminada.

148 2914 200 2975 45.
218 2916 237 2971 Α
260 2910 378 2992 pellandi
394 2925 481 2991 partos
493 2924 555 2970 sunt
566 2922 704 2988 quattuor,
723 2932 739 2970 e
757 2909 818 2989 quis
832 2908 904 2969 dicta

108 3017 125 3052 a
135 2932 299 3072 quibusdam
319 2990 512 3071 provocabula‚
527 3003 661 3069 quaesunt
675 3005 704 3049 ut
720 2998 797 3071 qitis,
812 3010 877 3070 quw
894 3014 903 3045 :

109 3070 249 3147 vocabula,
267 3085 298 3130 ut
310 3084 434 3150 scutum,
448 3072 583 3150 glodiani
598 3095 604 3129 :
621 3070 748 3151 nomina,
758 3085 794 3133 ut
803 3073 916 3131 Romu-
