2250 3090
204 128 263 187 tut
505 139 591 185 nnana
613 136 722 186 nouus.

201 260 253 320 hoo
266 257 341 337 quod
355 256 455 317 dicitur
468 256 565 336 magis,
580 255 634 316 sibi
644 276 698 315 non
709 273 831 335 constat,
841 258 914 340 qnod
922 259 991 339 magis

200 360 278 399 mane
286 337 421 416 significat
433 335 552 418 primum
564 357 653 412 mane,
666 337 759 417 magis
768 360 884 421 vespere
895 340 991 401 novissi-

199 439 383 558 mu'lnd.vistirii
385 461 391 475 ι
398 498 433 556 ab
450 494 639 580 hujuscemodi
656 496 895 587 similitudinibus
912 519 993 582 repre-

199 576 328 638 henditur
340 575 473 656 analogia,
486 576 572 656 quod,
585 596 646 636 cum
660 590 793 649 suanus,
807 580 893 640 cadus
905 579 991 646 simile,-

198 671 225 717 ot
237 657 274 717 sit
286 657 320 716 ab
330 678 384 716 ann
398 657 528 731 articulo,
543 650 668 716 anioilla
675 701 684 728 ,
699 658 801 718 aoado
812 659 872 720 duo
887 660 993 752 reliqua*
1087 703 1090 710 .

199 758 254 797 non
267 737 321 798 sint
333 759 382 818 pro
403 751 497 819 agata3
512 737 550 797 sio
566 756 619 796 non
633 735 742 795 dicatur
755 758 773 796 a
788 739 908 817 piscina,
924 739 992 819 pisti·
1084 790 1090 815 ,

198 818 275 894 nula,
291 761 436 899 piscinrila.
456 817 501 877 nd
514 815 703 898 hujuscemodi
716 818 854 878 vocabula
868 819 993 898 analogias

199 919 267 976 esse,
288 912 319 957 ut
334 897 405 972 dixi,
427 896 476 956 ubi
493 893 652 977 magnitudo
668 895 913 960 animadvertenda
925 898 958 960 sit
969 898 991 956 in
1084 922 1090 930 ·

199 999 360 1058 unoquoque
376 976 475 1059 gradu,
486 998 572 1055 oaqua
583 975 619 1036 sit
636 975 665 1034 in
683 994 735 1034 usu
748 980 908 1053 communi,
921 991 949 1038 ut
961 990 991 1037 est

198 1061 281 1129 cista,
293 1058 411 1133 cistula,
423 1047 551 1131 cistella,
563 1070 589 1116 et
599 1059 690 1131 canis,
705 1057 837 1134 catulos,
852 1058 990 1130 cutellum
1069 1102 1090 1137 ὃ

198 1137 272 1214 quod
286 1138 314 1197 in
331 1138 436 1219 pecoris
447 1159 497 1197 usu
512 1149 626 1196 nonest.
641 1135 736 1214 Itaque
748 1138 933 1214 consuetudo,
945 1138 991 1197 tro

198 1216 323 1294 quentius
340 1238 382 1276 res
398 1218 427 1275 in
445 1216 523 1275 binas
536 1204 627 1275 dividi
641 1216 740 1295 parteis
753 1231 787 1274 nt
800 1218 894 1299 majus
905 1232 932 1280 et
946 1214 990 1277 mi·

197 1316 260 1367 nus,
271 1309 300 1354 ut
313 1296 404 1355 lectus
417 1309 443 1354 et
455 1296 589 1369 lectulus,
604 1316 675 1355 arou
688 1308 714 1355 et
723 1298 842 1367 meula,
852 1299 894 1358 sio
906 1298 966 1359 alia.

237 1376 287 1436 75.
300 1374 499 1451 Quoddicunt,
510 1396 588 1436 casus
596 1374 648 1434 alia
661 1395 715 1435 non
725 1375 830 1436 habero
840 1377 989 1450 reotoualit
1065 1399 1078 1409 ·

197 1454 322 1536 obliquos
335 1469 362 1515 et
379 1454 441 1515 ideo
460 1476 513 1516 non
528 1476 585 1514 esse
598 1454 745 1536 analogias,
757 1456 859 1517 falsum
877 1472 929 1521 est.
943 1459 991 1518 No·
1087 1498 1090 1505 ·

197 1550 262 1616 gant
274 1537 479 1614 haborerectos,
490 1549 522 1594 nt
533 1535 561 1594 in
576 1535 628 1594 hoo
633 1537 748 1627 frugis,
752 1535 857 1616 frugi,
861 1537 989 1619 surgam,

196 1618 260 1676 item
271 1618 357 1691 colis,
371 1618 440 1691 ooli,
454 1616 573 1688 colem*,
588 1614 714 1692 obliquos
728 1635 782 1674 non
797 1617 913 1692 hahere,
927 1616 989 1676 utin

196 1696 248 1755 hoo
268 1698 431 1776 Diespiter,
458 1694 603 1775 Diespitri,
631 1694 814 1773 Diespitrem,
840 1700 913 1756 Mas
933 1700 988 1769 iter,

195 1776 334 1856 Maspitri,
353 1776 526 1856 Maspitrem.
540 1808 580 1819 —
592 1770 639 1833 76.
663 1773 705 1832 Ad
721 1773 780 1833 haec
799 1796 898 1856 respon
919 1798 950 1836 oo
968 1787 989 1834 tt

195 1855 286 1933 priora
302 1856 401 1914 habere
411 1852 565 1914 nominandi
577 1866 603 1911 et
617 1853 764 1934 posteriora
775 1854 913 1934 obliquos.
924 1855 989 1918 Nam

195 1947 221 1993 et
233 1935 306 2014 frugi
320 1951 408 1994 rectus
424 1949 465 1994 est
478 1947 573 1993 natura
585 1933 661 2007 frux,
675 1947 702 1993 at
715 1936 868 1994 secundum
880 1956 989 1996 consue·

194 2013 316 2074 tudinem
329 2015 446 2074 dicimus
458 2028 489 2073 ut
499 2015 555 2072 haec
566 2013 636 2085 avis,
650 2012 707 2073 hae
720 2014 791 2088 oris,
810 2014 852 2074 sio
865 2015 924 2075 haec
933 2016 988 2074 im·

193 2093 245 2172 gis.
262 2095 308 2155 Sic
319 2094 466 2154 secuudum
479 2108 602 2154 naturam
614 2092 772 2152 nominandi
786 2108 827 2153 ost
837 2116 917 2154 casus
926 2093 987 2166 culs,

193 2173 577 2235 secundumconsuetudinem
595 2171 672 2246 colis,
689 2193 751 2231 eum
768 2187 918 2253 utrumque
932 2193 989 2235 oon·

192 2254 282 2314 teniat
295 2253 330 2314 ad
339 2252 502 2333 antilogium,
514 2249 589 2332 quod
598 2265 623 2312 et
635 2251 665 2310 id
674 2250 750 2332 quod
760 2252 788 2312 in
799 2254 989 2314 consuetudine

193 2353 246 2392 non
259 2348 310 2407 est,
321 2331 475 2414 cujusmodi
485 2333 581 2393 debeat
593 2345 781 2413 esseapparet,
791 2347 817 2393 et
828 2334 903 2412 quod
913 2348 951 2394 est
962 2332 987 2391 in

192 2413 390 2474 consuetudine
403 2432 474 2472 nunc
490 2414 518 2472 in
533 2427 606 2473 recto
620 2433 694 2487 casn,
708 2412 803 2472 eadem
816 2427 857 2474 est
870 2412 986 2495 analogia

191 2512 223 2579 ao
240 2494 377 2575 pleraque,
395 2515 456 2572 quae
474 2512 509 2553 en
527 2492 702 2553 multitudine
722 2512 785 2555 oum
804 2506 944 2554 transeunt
960 2490 994 2559 in.

191 2573 338 2650 singulare,
354 2573 501 2634 difficulter
515 2575 664 2633 efferuntur
677 2592 734 2635 ore.
751 2572 798 2635 Sin
810 2594 876 2633 cum
891 2570 984 2634 transi·

191 2662 266 2708 retur
274 2673 348 2714 exeo
358 2653 434 2734 quod
446 2653 587 2716 dicebatur
600 2653 642 2713 hae
650 2672 726 2731 ores,
740 2672 795 2713 una
805 2672 862 2714 non
871 2651 982 2715 estdiota

1060 1762 1090 2423 Ξ.Ἷῦῑ1οῦ“2.ὓὶῧ“ῑ

1062 2543 1090 2740 ;“ΡΞ
