2250 3090
366 104 420 143 XVI
650 102 668 138 tt
690 98 889 140 PRAEHTIONE

364 214 439 275 hisee
450 213 533 274 rebus
546 213 575 272 itt
587 212 702 295 septimo
715 212 787 273 iibm
809 211 998 273 immimentur

364 314 425 374 que
435 294 470 352 ab
481 314 515 353 eo
523 293 620 353 ordine
629 292 791 352 alienissime
801 306 873 353 sunt.
885 294 958 353 Num
970 314 1003 373 qn

364 375 413 434 5t.
427 373 513 453 posite
528 386 593 434 sunt
610 372 646 431 de
665 372 761 453 jugula
771 384 854 432 etves
889 372 1003 453 ruginet

363 468 418 514 tent
454 474 504 513 re:
520 476 552 514 ee
574 472 636 512 eum
649 450 831 533 disputatione
864 448 1003 518 etemeue'

363 534 386 593 si
439 535 445 547 ’
469 533 604 613 usquead
621 530 676 591 diei
689 531 829 608 noctisque
841 546 963 615 tempore
980 554 993 591 s

364 613 503 694 conjungi,
518 614 633 692 ideoque
652 611 728 692 rejici
748 610 883 673 debebunt
895 610 930 670 ed
944 614 985 674 vl

362 692 408 754 Ad
419 692 535 753 eundem
544 693 635 753 locum
648 711 756 751 aurora
768 693 897 751 rutilans
905 712 941 751 ex
953 692 1003 751 infe

362 772 411 835 85.
436 773 595 833 retrahenda
607 772 692 831 sitisse
710 769 830 831 videtur.
842 772 998 853 Explicatis

361 853 520 913 cabalorum
531 849 717 912 cassabundus
728 864 756 909 et
773 870 948 930 vetereque
963 853 1003 914 Vi

361 932 471 1013 iegitur,
482 933 506 993 si
518 933 586 1012 quid
592 931 684 1005 video,
694 931 728 991 nd
741 951 771 989 ea
788 931 916 1011 pertinet,
931 952 992 1010 quae

362 1024 433 1072 eant
454 1025 577 1093 tempus,
590 1011 648 1070 sive
668 1009 703 1069 ad
716 1011 874 1091 temporalia
887 1010 989 1085 verbe,

362 1095 429 1165 vlt,
441 1092 482 1153 80
494 1114 554 1172 sqq.
563 1094 629 1153 ium
643 1091 666 1149 si
680 1110 725 1149 ees
739 1112 782 1149 res
791 1089 1003 1168 qunsmododir

360 1172 410 1246 ris,
423 1172 534 1232 hebebis
546 1171 575 1229 iu
585 1192 616 1229 ea
629 1183 705 1248 parte
715 1170 780 1229 libri
791 1170 916 1230 relietum
927 1170 1003 1231 loeus

360 1250 442 1311 nibus
454 1251 619 1311 militaribus
631 1248 850 1330 (perduellibus,
870 1250 1003 1311 lenonibu

360 1331 486 1406 mnibus,
506 1329 692 1409 adscriptivis,
716 1331 877 1405 ferentariis,
902 1330 1003 1390 rorarii

361 1409 457 1487 ¹urdine
482 1408 670 1471 decurrentem
694 1430 810 1488 utrmque
830 1410 936 1490 egregie
961 1430 1003 1470 cot

360 1491 448 1570 quinti
470 1490 537 1551 libri
564 1491 741 1569 argumentis,
764 1490 803 1550 sie
820 1504 851 1550 ut
870 1489 1003 1549 interse=

360 1571 415 1632 sint
429 1575 468 1647 V,
493 1571 533 1632 87
537 1572 608 1631 ...91
627 1584 654 1630 et
667 1572 733 1642 Vll,
759 1570 810 1628 t9.
832 1572 880 1630 52.
896 1568 1003 1630 55...5t

359 1650 517 1733 'urgtttnento
527 1648 696 1733 disponendo
713 1650 814 1708 multos
826 1650 909 1730 hujus
922 1648 987 1708 libri
1000 1649 1003 1707 i

359 1730 553 1803 circumductis
565 1730 658 1790 notavi
668 1743 796 1808 tanquam
806 1750 856 1788 suo
867 1726 1003 1789 ordinent

359 1811 433 1871 sitos.
449 1814 611 1890 Queuqtrem
626 1811 684 1891 ipse
696 1810 768 1868 uitro
781 1809 920 1880 confiteor,
931 1828 964 1866 ne
977 1810 1003 1868 fo

359 1890 487 1969 sputandi
498 1910 583 1971 genus
610 1889 637 1948 in
661 1890 772 1949 anxiam
785 1902 812 1948 et
832 1888 972 1946 molestam
993 1912 1003 1966 s

358 1968 512 2047 degeneret,
527 1989 581 2029 non
594 1970 676 2028 nimis
689 1969 875 2029 cavillandum
891 1968 995 2038 esseni

358 2070 390 2108 ee
398 2049 510 2109 materia
520 2052 602 2109 etiam
616 2049 738 2109 tenuiore
749 2047 866 2126 quadem
878 2046 1003 2106 similitut'

358 2149 387 2188 se
395 2128 460 2189 duci
467 2129 582 2210 petitur,
592 2144 673 2208 atque
683 2127 907 2188 lieereintetdum
917 2129 945 2186 in
955 2127 1003 2188 hoe

357 2230 454 2286 genere
462 2209 701 2286 incertiepussibus
711 2228 962 2286 securumque,quo
971 2228 1003 2286 pe
