2040 3420
108 574 164 611 Vttt
434 571 596 609 PRAEFATH).

106 673 188 733 Pauli
210 672 343 754 epitoma,
363 674 467 754 primus
488 695 523 735 ex
543 675 630 734 Pmrio
654 689 683 735 et·
705 676 777 736 Festi
798 678 906 737 laciniis

106 766 266 846 ferraginem
281 766 434 845 composuit
447 764 542 827 rudem
556 767 632 831 iiiam
646 781 672 829 et
688 767 858 848 indigestam,
871 770 907 831 de

107 857 341 939 qoatypographi
356 858 489 919 monitum
510 872 537 919 ot
555 881 650 921 versus
668 861 737 923 infra
755 860 907 943 descriptos

59 988 62 994 ⁴
106 948 181 1007 voiui
192 993 199 1022 ,
212 949 275 1027 quia
295 962 320 1008 et
333 949 501 1013 rarissimum
513 950 652 1031 exemplar
665 965 724 1025 est,
736 965 762 1012 et
774 952 906 1012 familiam

105 1036 197 1112 ducit,
213 1058 261 1099 neo
280 1039 332 1099 ulii
353 1039 530 1099 recentiorum
550 1040 683 1103 editorum
697 1041 807 1102 videtur
825 1041 906 1101 inno.-

105 1144 197 1190 tuisse.

137 1326 237 1382 Lector,
261 1324 288 1375 Si
314 1325 451 1393 fragmenta
475 1325 540 1376 Sesti
562 1326 619 1394 (sic)
641 1327 743 1393 Pompei
755 1329 821 1376 Festi
844 1345 911 1395 quae

106 1418 192 1467 omnio
210 1427 309 1481 reperto
329 1416 369 1466 irie
380 1415 495 1482 apposito
506 1427 565 1467 eunt
575 1415 656 1466 nott.
672 1414 744 1466 litera
763 1414 909 1481 incipiendo

105 1521 183 1571 usque
201 1503 234 1555 ad
251 1503 348 1556 calcem
363 1521 415 1556 noo
431 1515 586 1573 sequestrate
596 1506 679 1570 posito
696 1515 773 1554 erint:
788 1501 832 1554 red
846 1519 908 1554 eon·

106 1593 190 1644 toneia
221 1593 285 1644 aliis.
305 1592 331 1644 id
356 1592 479 1644 industria
501 1593 598 1644 foetum
614 1605 676 1643 est:
703 1608 734 1644 ne
761 1590 911 1658 replicando

107 1683 216 1753 legentes
234 1683 319 1735 taedio
335 1682 478 1735 afficiantur
490 1703 495 1733 :
509 1695 535 1734 et
553 1680 735 1753 quioquaedam
748 1680 834 1737 addito
850 1694 909 1737 sunt

108 1790 171 1841 quoe
180 1788 231 1825 non
241 1785 314 1825 ertmt
325 1775 350 1824 in
360 1770 496 1840 exemplari
509 1790 515 1821 ι
527 1772 563 1824 Pii
575 1772 655 1823 nostri
668 1770 768 1822 :sedin
780 1768 831 1823 aiio
843 1772 909 1822 eius·

109 1863 192 1916 modi:
202 1883 265 1934 quae
274 1863 338 1922 adeo
350 1863 413 1916 dora
423 1875 482 1916 rum
493 1875 520 1914 ut
531 1863 638 1917 omnino
650 1873 719 1915 reete
731 1872 847 1913 constare
857 1877 910 1913 non

108 1952 243 2006 videantur
254 1974 260 2004 ε
273 1966 358 2007 temen
370 1953 404 2007 ob
416 1956 584 2007 temeritatem
596 1951 727 2013 uitandam
740 1969 747 1999 ε
759 1962 786 2002 et
801 1968 832 2003 ne
848 1949 910 2019 quid

108 2037 910 2109 iproromfrogmeotoromommiteretnr[me):jueto(tr'e)exem·

33 2130 36 2135 '
110 2131 165 2196 piar
183 2135 308 2197 impresso·
319 2141 378 2180 eunt
397 2147 403 2177 :
421 2144 486 2196 qrroe
497 2129 518 2177 oi
535 2126 652 2193 Piueipse
669 2144 675 2176 ι
694 2127 737 2194 qni
752 2139 857 2194 propter
872 2130 910 2179 sm

110 2222 248 2273 absentiam
264 2241 269 2270 :
283 2238 311 2272 eo
329 2219 452 2288 castigare
467 2219 600 2286 nequiuit:
615 2218 663 2271 Sed
674 2235 721 2270 neo
737 2217 813 2286 ipsius
826 2234 910 2271 exem·

110 2312 165 2379 piar
176 2311 288 2364 renidere
305 2308 387 2362 :d'um
408 2308 595 2376 imprimeretur
608 2328 613 2357 :
628 2308 740 2361 affuisset
756 2309 912 2362 correctiora

110 2401 273 2454 haberentur.
286 2400 376 2468 Itaque
392 2415 423 2450 oe
441 2398 487 2466 ipsi
499 2396 544 2450 Pio
559 2396 684 2450 attribuas
696 2418 702 2448 :
715 2415 757 2452 eos
767 2398 912 2453 additiones

112 2506 159 2556 que
172 2487 227 2558 (trit)
239 2500 298 2541 srmt
310 2488 504 2555 incorreptioree
515 2487 572 2554 (sie)
592 2505 597 2535 ι
621 2485 656 2541 ah
675 2485 758 2539 oiieno
775 2487 913 2556 exemplati

113 2589 226 2642 sumptas
236 2574 339 2627 inferius
349 2587 470 2627 annotate
479 2574 536 2644 (rie)
544 2586 612 2626 eunt.

144 2677 176 2729 ln
188 2675 281 2727 littore.
295 2692 316 2726 t.
333 2675 401 2726 Satio
410 2674 515 2727 uerbum
529 2694 535 2724 ε
556 2675 689 2726 maximoe
701 2665 869 2741 ῑιιοιῑῐιοιιο.

146 2776 177 2824 fn
191 2773 284 2825 littere.
298 2787 316 2825 t.
328 2773 417 2833 Trium
428 2775 475 2827 oiri
490 2792 495 2824 :
509 2792 553 2842 por
565 2786 648 2827 totmn
659 2771 728 2843 quod
744 2772 919 2841 fragmentum

114 2867 140 2917 in
162 2862 273 2930 quodam
294 2863 431 2933 exemplari
455 2883 460 2913 :
483 2865 645 2925 coniunctum
669 2846 708 2915 est
727 2880 786 2915 cum
808 2880 919 2921 senonas

116 2949 194 3019 gattos
207 2969 212 2998 :
224 2949 351 3019 sequendo
365 2950 579 3023 trasalpinofeic).
591 2951 623 3013 tn
635 2948 719 3009 littero
729 2949 761 3011 S„

151 3038 180 3091 In
192 3036 275 3093 littera
285 3039 317 3095 Τ.
331 3052 419 3110 topper
429 3040 588 3113 inoiiquiims
597 3039 668 3097 ioeie.
