2250 3090
163 1470 209 1526 ubi
245 1468 372 1529 incubare
411 1481 499 1549 posset
536 1469 652 1550 auspicii
683 1491 712 1528 re
732 1468 820 1528 etendi
863 1491 953 1530 cnusa.

162 1550 300 1629 ffRngatio
311 1563 361 1624 est,
374 1548 535 1629 cupopulus
544 1549 693 1610 consulitur
704 1490 739 1608 li
752 1569 805 1608 uno
816 1547 957 1629 plurib.ve

161 1629 328 1702 hominibus,
356 1627 591 1688 undneadomnis
617 1629 739 1702 ertineat,
752 1641 778 1687 et
788 1626 822 1686 de
832 1628 958 1710 unnplu·

163 1709 252 1769 cibun
262 1710 320 1772 reb.
331 1650 365 1767 cie
373 1707 449 1788 quib.
458 1728 509 1767 non
520 1650 624 1770 ommi.
636 1707 769 1784 sanciatur
777 1733 785 1781 3
794 1719 840 1786 nn,
868 1706 923 1767 und
931 1708 957 1765 in

162 1808 253 1846 omnes
267 1788 387 1846 homines
409 1808 486 1847 resve
499 1787 618 1878 populus
629 1787 718 1860 scivit,
733 1785 778 1845 lex
789 1728 954 1866 appillatur.

162 1869 243 1944 itaq„
257 1865 355 1926 Gallus
369 1866 462 1924 Aelius
484 1879 539 1940 art,
563 1866 632 1926 inter
644 1868 730 1946 legem
743 1879 768 1925 et
789 1885 820 1923 ro
840 1865 957 1925 ationem

161 1945 212 2002 hnc
236 1945 362 2002 interest:
376 1944 479 2023 rogatio
502 1958 541 2005 est
559 1967 642 2025 genus
655 1946 738 2025 legis5
758 1886 888 2023 quaeiex,
903 1964 956 2003 non

161 2023 287 2080 continuo
304 2044 334 2081 ea
348 2024 451 2104 rogatio
465 2040 514 2085 est.
530 2027 545 2056 *
557 2041 564 2062 ¹
576 2046 629 2084 non
644 2037 728 2106 potest
742 2043 796 2083 non
816 2044 873 2082 csse
888 2023 955 2097 lex,

162 2101 285 2160 simodo
310 2103 389 2182 justis
416 2105 531 2164 comitiis
560 2118 651 2184 rogata
679 2117 727 2165 est.
762 2105 783 2180 ff
806 2103 956 2162 Romulum

161 2180 271 2259 quidam
283 2204 298 2240 a
309 2183 361 2240 ficu
375 2185 513 2245 Ruminali
519 2184 532 2259 ,¹
540 2183 598 2258 alii,
611 2181 685 2262 quod
695 2183 722 2241 lu
744 2203 765 2240 ae
778 2203 856 2240 ruma
865 2182 956 2240 nutri-

162 2278 204 2319 tus
216 2277 265 2336 est,
281 2261 445 2344 appellatum
462 2284 519 2323 csse
532 2263 697 2343 ineptissime
715 2205 859 2338 clixerunt3
876 2281 957 2340 quem

160 2340 290 2401 credibile
313 2356 386 2402 este
414 2341 515 2402 virium
538 2341 741 2422 magnitudine,
758 2342 820 2400 item
847 2342 960 2401 lintrem

161 2418 240 2503 ejus,
255 2420 412 2513 appellatos.
438 2424 551 2480 Romam
564 2420 725 2502 appellatam
742 2442 798 2480 esse
817 2418 961 2500 Cephalon·

162 2500 331 2580 Gergithms,
346 2501 392 2580 qui
406 2499 441 2559 de
454 2500 572 2561 adventu
584 2501 674 2560 AEneae
686 2502 713 2560 in
728 2499 833 2560 Italiam
848 2498 958 2559 videtur

162 2579 370 2654 conscribsisse,
402 2578 443 2639 ¹rit
476 2581 511 2639 ab
548 2581 657 2640 humine
699 2579 815 2659 quodam
859 2575 957 2638 comite

163 2656 266 2716 AEneae:
276 2653 416 2739 cumcuim
427 2675 557 2740 occupato
566 2674 664 2737 monte,
673 2661 721 2738 qui
734 2679 805 2718 nuuc
817 2658 956 2717 Palatius²
