2250 3090
169 126 229 187 tot
436 118 521 181 ninnn
539 138 681 183 nncnntns.

163 264 195 310 ut
202 247 238 310 de
249 245 339 307 nothis
350 243 521 306 Graecanieos
530 266 639 324 quoquc
647 246 962 332 nominatusplurimum

162 330 333 389 hobccemus.
343 325 437 403 ltaque
447 339 477 384 ut
485 326 530 384 hic
540 325 593 385 aliu
604 326 712 402 Gsmca,
728 328 785 389 aliu
793 330 960 409 Graeeonien,

162 409 201 468 sic
212 405 351 486 analogio.
364 438 403 451 —
417 406 466 464 71.
484 406 582 485 Equis
594 426 655 485 quae
667 405 715 467 hie
728 409 824 470 nothae
838 410 908 472 liunt
918 410 963 471 de·

161 487 331 559 clinationes,
344 483 378 543 de
388 483 431 544 his
441 483 501 543 nliae
515 499 579 545 sunt
587 486 694 566 priscos,
707 500 741 547 ut
752 490 931 551 Baccbidcis
941 504 964 551 et

163 567 336 649 Chrysidem
347 591 355 625 ι
366 564 427 625 oliae
434 563 570 646 juniores,
583 579 614 624 ut
626 566 794 641 Chrysidcs
806 584 836 629 et
847 568 964 631 Bucoli-

162 649 214 708 des
234 670 244 704 .·
265 647 325 706 aliae
341 659 471 719 recentes,
489 658 523 704 nt
544 646 708 721 Chrysidas
726 660 755 707 et
775 650 962 711 nacoliam:

162 747 245 809 quom
255 727 298 786 lnis
306 726 434 788 omnibus
444 726 533 786 tribus
544 739 653 785 utantur
665 724 765 799 nostri,
778 748 911 789 maxume
919 728 963 808 qui

162 820 309 887 sequuntur
325 805 415 866 media
430 806 459 864 in
472 804 609 883 loquendo
637 804 781 865 oflendunt
795 809 961 877 minimum

162 887 238 966 quod
251 888 339 969 prima
352 907 450 966 parum
461 884 563 945 similia
572 850 768 946 videntucessc
780 884 963 951 Graecisunde

162 968 218 1027 sint
227 968 335 1042 tralata,
349 967 427 1026 tectio
439 987 539 1044 porum
547 963 648 1025 similia
661 966 771 1025 uostris.

203 1048 255 1107 tu.
266 1046 365 1107 Omnis
375 1043 504 1122 anologio}
514 1043 719 1105 fundamentum
728 1045 889 1109 similitudo
896 1066 961 1129 quc·

163 1126 241 1201 dnm,
256 1139 286 1185 ut
299 1124 371 1199 dixi,
385 1146 446 1203 quae
458 1122 526 1182 solet
537 1144 595 1184 esso
607 1124 636 1185 in
650 1125 744 1197 rebus,
755 1126 785 1185 in
798 1128 927 1203 vocibus,
938 1140 960 1185 et

162 1206 192 1264 in
206 1222 321 1283 utroque
334 1230 340 1262 :
355 1205 384 1263 in
396 1225 448 1281 qua
463 1203 563 1261 horum
572 1217 647 1283 porte
657 1224 777 1284 eumque
788 1206 829 1265 sit
840 1206 869 1267 in
878 1209 961 1269 teron

161 1284 222 1364 do†
233 1300 258 1345 et
271 1282 458 1363 quujusmodi‚
471 1280 634 1341 videndum.
648 1280 731 1357 Nam,
748 1298 780 1341 ut
789 1284 868 1363 dixi,
882 1307 960 1366 neque

161 1386 266 1441 nucum,
282 1384 370 1442 neque
383 1361 457 1423 vocis
470 1359 622 1421 similitudo
632 1359 668 1421 ad
680 1360 731 1420 has
744 1360 870 1443 duplicis
880 1366 958 1426 *ono-

160 1444 249 1526 logias
270 1444 419 1505 verborum
441 1439 657 1523 exprimendus*,
674 1454 752 1519 'ques
775 1442 807 1503 in
831 1444 960 1525 loquendo

162 1518 894 1605 quaecimus,sclmtutimsotisest,quodutcaqucpartc
934 1544 959 1585 us

163 1619 205 1665 est
214 1606 310 1665 simili.
326 1607 402 1680 Qum
414 1602 450 1662 ad
463 1600 630 1679 loquendum
642 1614 671 1660 ut
681 1601 831 1680 perducas,
844 1626 859 1663 a
936 1624 960 1663 re

163 1684 244 1746 debet
254 1706 319 1744 usus
333 1708 342 1761 3
357 1685 411 1743 alio
424 1682 496 1740 enim
508 1681 587 1755 ratio,
599 1681 648 1758 qui
659 1680 742 1741 socias
755 1682 958 1757 vestimentum

159 1764 228 1839 ulia,
244 1762 567 1843 quemadmodum'utoce
584 1761 755 1822 vestimento.
768 1794 811 1809 -
821 1764 870 1823 ts.
882 1762 958 1823 Usuis

162 1866 177 1905 s
197 1844 265 1904 ecies
273 1843 402 1905 videntur
413 1862 470 1900 esse
480 1853 537 1899 tres
547 1863 556 1915 ς
568 1861 622 1899 una
632 1840 839 1901 consuetudinis
850 1842 954 1915 veteris,

161 1865 246 1984 ollem
257 1921 461 1983 consuetudinis
477 1920 580 2000 hujus3
593 1920 671 1979 tertia
688 1934 794 1981 neutra.
812 1922 922 1994 Vetera,
933 1933 956 1979 ut

161 2022 277 2076 caseus,
292 2005 382 2077 casci,
398 2021 495 2073 surus,
512 2001 584 2059 suri.
598 1999 690 2079 Hujus
702 2001 955 2081 consuetudinis,'ut

164 2086 262 2157 albus,
281 2085 405 2153 caldus,
423 2081 503 2156 albo,
519 2081 617 2139 coldo.
634 2082 748 2153 Neutro,
764 2095 795 2141 ut
810 2083 893 2158 seclo,
905 2100 954 2141 sct-

163 2164 218 2223 lom
231 2186 240 2241 ς
251 2164 344 2235 fulera,
357 2162 480 2221 inlesam.
494 2158 541 2218 Ad
551 2180 618 2237 quas
630 2158 757 2220 accedere
770 2174 861 2243 potest
871 2172 953 2239 quarto

162 2245 260 2316 mixta,
280 2258 313 2304 ut
327 2245 472 2313 amicitia,
489 2241 662 2309 inimicitio;
673 2244 851 2313 amicitiam,
868 2241 953 2301 inimi·

122 2354 127 2359 ·
163 2327 274 2385 citiam.
291 2325 382 2385 Prima
396 2336 447 2396 est,
468 2341 521 2400 qua
540 2319 583 2380 usi
599 2320 716 2398 antiqui,
737 2335 765 2381 et
781 2341 831 2379 nos
848 2318 953 2398 reliqul-

162 2424 224 2463 nius
237 2428 244 2462 :
257 2403 388 2480 secunda,
400 2423 453 2480 qun
462 2421 533 2461 nunc
543 2399 646 2461 utimur
659 2424 666 2459 :
683 2400 773 2478 tertia,
785 2422 841 2479 qua
851 2412 952 2459 utuntur

172 2496 259 2545 toclae.

162 2508 171 2565 l
203 2566 251 2621 ll.
267 2561 405 2642 Analogiae
423 2584 476 2622 non
496 2562 560 2622 item
574 2582 604 2622 en
617 2559 773 2621 definiendo
786 2582 850 2639 quse
861 2556 950 2637 dirigi-

163 2655 207 2701 tur
221 2642 256 2704 ad
268 2658 393 2705 naturum
413 2643 576 2722 sorborum,
591 2655 671 2723 atquc
690 2642 738 2705 illo
756 2662 817 2723 quse
831 2639 866 2704 ad
882 2656 948 2701 usum
