2040 3420
260 526 464 607 sm-m.
696 528 753 588 rm

76 654 112 715 Β.
153 652 270 733 ptiorum
282 653 424 724 voeabula,
438 653 553 731 singulis
564 652 671 712 casibus
680 652 753 713 dieo-

70 747 93 793 tt
109 672 246 815 pidtribos,
259 748 287 791 ut
299 733 442 793 Gallorum
459 755 488 791 ae
503 747 667 792 caeterorum.
682 734 753 793 Nam

67 814 104 873 ab
118 812 215 873 alauda
227 814 353 872 alaudas
364 829 388 873 et
402 814 441 872 sic
452 814 515 872 alia.
530 813 590 885 Sin,
601 813 674 892 quod
685 814 764 885 scri-¹

59 891 151 967 licent,
163 893 239 971 qood
248 895 385 953 Poenicum
395 897 442 965 sit,
453 892 567 971 singolis
577 895 684 953 casibus
694 893 754 953 ideo

54 994 113 1041 eras
129 973 236 1035 Graecas
247 973 379 1032 nominari
395 997 404 1047 ς
421 973 459 1031 sir
479 972 565 1032 Graeci
581 987 670 1031 nostra
684 973 753 1033 senis

48 1074 79 1129 ts,
90 1053 180 1131 quinis
191 1073 256 1120 non,
268 1051 357 1112 dicere
367 1052 503 1113 debebant
520 1078 527 1110 :
542 1051 615 1130 quod
627 1074 689 1112 cum
700 1073 752 1111 oon

42 1146 69 1199 tt,
80 1152 134 1191 non
147 1147 185 1192 est
199 1132 332 1212 analogia.

36 1240 51 1271 r.
60 1214 128 1287 Quae
141 1212 165 1271 si
178 1227 256 1280 esset,
272 1226 369 1289 negant
380 1210 466 1269 ullum
479 1232 569 1271 casnm
582 1211 689 1271 duobus
699 1231 753 1271 mo

31 1291 144 1351 leboisse
160 1290 227 1359 dici,
244 1292 317 1369 qnod
336 1292 367 1350 lit
383 1304 483 1350 contra.
500 1294 570 1352 Nam
585 1291 642 1351 sine
659 1312 753 1371 repre·

27 1372 89 1431 ione
102 1372 183 1452 volgo
195 1372 242 1430 alii
251 1371 382 1430 dicuntia
393 1371 523 1449 singulari
536 1371 586 1431 hac
598 1374 750 1446 arietari,

21 1450 72 1511 liae
84 1472 137 1510 ove
156 1467 180 1510 et
195 1472 259 1510 ave.
274 1452 304 1509 ln
319 1450 501 1509 multitudinis
516 1450 557 1509 hae
568 1457 681 1529 puppis,
692 1472 751 1510 res·

24 1544 51 1591 et
64 1530 105 1589 lite
115 1544 237 1610 puppes,
252 1543 351 1591 restes.
368 1532 435 1589 ltem
447 1528 521 1609 qood
534 1531 560 1589 io
575 1530 677 1612 patrico
689 1552 752 1590 casu

8 1630 104 1691 egenus
114 1609 280 1691 dispariliter
291 1610 396 1671 dicator·
410 1615 575 1680 civitatum,
585 1625 752 1692 parentum,

7 1691 180 1766 civitatium,
196 1696 362 1770 parentiam
379 1716 385 1748 :
403 1691 430 1749 in
446 1691 596 1752 accusandi.
606 1692 657 1750 hos
671 1713 753 1751 mon·

1 1772 137 1850 „fontes
147 1785 173 1830 et
187 1771 236 1829 lios
247 1775 366 1845 montis,
374 1771 481 1850 fonds.

7 1852 52 1917 7.
70 1850 138 1909 Item
150 1872 224 1920 crim,
239 1851 262 1909 si
274 1851 309 1910 sit
319 1852 452 1928 analogio,
466 1850 602 1909 debeanta
616 1850 753 1909 similibus

18 1930 53 1987 is
64 1929 188 1989 similiter
200 1930 341 1990 declinatis
355 1930 455 1988 similia
468 1930 537 2003 steri,
546 1944 570 1987 et
584 1928 613 1987 id
627 1948 678 1987 non
692 1928 752 1989 lieri

5 2007 69 2068 endi
82 2011 175 2089 possit,
189 2008 389 2091 despiciendam
405 2031 463 2067 ram
475 2030 531 2067 esse
544 2009 683 2068 rationem.
700 2012 752 2069 At-

22 2089 193 2148 ostenditur:
208 2087 351 2167 namquid
367 2103 453 2168 potest
465 2089 582 2147 similius
597 2110 653 2147 esse
669 2110 749 2167 quam

31 2212 42 2240 ,
64 2172 265 2233 mansdatis?
281 2190 362 2247 quom
382 2170 479 2227 liorum
495 2190 572 2229 casus
589 2168 709 2250 patricos
726 2184 752 2228 et

9 2248 131 2307 usativus
142 2249 170 2307 in
181 2248 355 2310 multitudine
365 2249 418 2309 sint
430 2247 568 2327 disparilis
579 2276 586 2312 ι
599 2269 660 2307 nam
670 2271 685 2307 a
695 2249 751 2329 pri·

16 2327 49 2386 stt
58 2332 187 2407 gentiam
204 2343 231 2388 et
243 2333 346 2410 gentis,
363 2329 507 2407 otroltiqoe
521 2344 550 2387 ut
563 2330 597 2388 sit
611 2330 624 2389 Ι
638 2351 645 2385 :
660 2330 695 2389 ab
708 2350 751 2389 so-

4 2406 51 2467 do
63 2412 205 2467 mentium
222 2424 247 2467 et
266 2422 432 2486 mentes,.ut
447 2411 473 2468 in
490 2410 581 2489 priore
598 2408 655 2469 solo
668 2409 704 2469 sit
716 2410 749 2467 l:

7 2487 86 2546 tertio
100 2489 219 2547 dentum
233 2502 258 2547 rt
273 2490 385 2564 dentes,
402 2504 431 2548 ut
442 2489 468 2549 in
477 2504 572 2549 neutro
585 2490 621 2547 sit
634 2491 750 2549 1.-6t3.

18 2566 93 2639 item,
104 2569 231 2645 qnoniam
243 2569 332 2628 simile
341 2584 380 2629 est
394 2584 466 2628 recto
480 2591 542 2629 casu
556 2569 695 2641 rodtrud,
706 2568 751 2627 lu·

1 2667 26 2720 s,
48 2647 76 2705 le
96 2668 139 2719 us,
162 2662 269 2725 rogant,
291 2670 361 2727 quor
381 2670 433 2708 non
456 2650 563 2709 dicatur
579 2648 752 2729 proportione

4 2669 152 2807 uro,litpa,
161 2726 232 2807 lepo.
244 2730 292 2789 sin
304 2728 505 2808 respondeatur,
513 2729 613 2788 similia
624 2750 675 2788 oon
686 2749 752 2802 esse,

5 2805 36 2863 ·d
56 2829 86 2865 eo
110 2828 238 2871 vocemus
258 2806 438 2881 dissimiliter,
459 2809 558 2883 scirtre,
580 2810 654 2890 lupe,
673 2809 752 2888 lepus

1 2906 21 2945 tc
43 2887 113 2945 enim
145 2886 304 2967 respondere
330 2888 418 2948 roloit
439 2889 610 2949 Aristarchus
629 2890 749 2964 Crateti3

0 2993 19 3017 a
35 2987 97 3025 oum
107 2967 429 3047 scripsissetsimiliaesse
440 2969 620 3044 Philomedes,
632 2969 751 3029 Heracli·
806 3004 809 3009 ·
882 2966 886 2982 '

1 3068 12 3112 ·,
30 3047 194 3123 Melicertes,
214 3047 287 3110 dixit
305 3069 359 3111 ooo
373 3071 432 3113 esse
442 3051 569 3133 similia3
582 3050 616 3112 io
629 3050 758 3115 amasos

693 3164 888 3342 ‘N
