2250 3090
90 243 150 304 tot
485 260 501 306 s

89 365 150 426 buli
171 362 294 425 meminit
315 364 395 426 etiam
413 360 557 426 Lucilius:
584 366 615 428 Si
640 387 704 429 vero
719 366 788 443 das,
811 388 846 447 qu

89 458 185 526 rogat,
218 458 245 505 et
284 445 309 505 si
344 444 478 526 suggeri²
512 465 627 536 suppus.
680 444 846 584 pScmpro:

91 525 188 585 horrea
222 527 270 605 qui
303 524 381 586 locus
409 523 529 602 dieitur,
561 546 590 585 1n
626 546 658 585 eo
699 537 796 586 uerunt
829 526 846 585 lc

91 599 241 683 Gracchi,
293 604 329 664 ad
378 603 528 664 custodiam
579 604 710 665 frumenti
767 604 846 685 publi

93 684 220 761 ffStatua
244 698 284 743 est
311 682 391 746 ludi³
417 684 497 764 ejus,
522 684 570 765 qui
601 682 739 762 quondam
774 683 846 744 fulm

91 764 211 824 ictusin
249 763 352 836 Circo,
390 764 513 841 sepultus
546 776 585 823 est
615 763 644 821 in
672 761 799 824 ianiculo
814 784 846 840 3*

89 845 135 922 jus
175 862 235 901 ossa
270 854 364 923 postea
412 860 446 900 ex
480 841 615 923 prodigiis
661 841 846 901 oraculorum«

93 920 228 1000 responsis
280 920 395 981 Senatus
448 919 555 979 decreto
598 920 668 979 intra
711 920 807 978 urbem

93 999 149 1071 lata
174 997 204 1056 in
233 994 378 1060 Volcanali
389 1043 399 1070 ,
435 996 513 1075 quod
540 1008 580 1057 est
610 1018 693 1079 supra
722 995 846 1058 Gomitiu

95 1078 192 1136 obruta
240 1078 327 1152 sunt',
389 1095 499 1168 superq.
555 1097 585 1135 ea
639 1076 786 1151 columna,
830 1098 846 1137 c

96 1155 184 1236 ipsius
223 1155 334 1236 effigio,
368 1166 456 1237 posita
491 1168 540 1214 est.
584 1154 605 1234 Ἱ
636 1152 772 1217 Servilius
817 1154 846 1215 la

97 1232 286 1315 appellabatur
318 1236 361 1278 *⁴
392 1253 442 1305 eo,
475 1232 523 1312 qui
559 1253 621 1292 cum
652 1231 807 1294 faciendum
844 1270 846 1282 1

96 1326 204 1374 raserat
216 1358 227 1386 ,
257 1311 287 1371 in
316 1310 461 1405 ‘principio
488 1310 555 1375 Vici
602 1313 729 1392 iugari,
754 1312 846 1372 contin

98 1388 218 1469 basilicae
264 1390 369 1468 tutia,
412 1409 441 1451 1n
488 1411 542 1470 quo
586 1391 646 1451 loco
683 1391 737 1450 fuit
791 1390 846 1472 effi!

97 1467 192 1551 hydrae
239 1470 326 1552 posita
366 1490 383 1528 a
427 1472 468 1530 Μ.
511 1469 644 1554 Agrippa.
704 1468 725 1548 Ἱ
753 1468 846 1529 Sontic

97 1548 225 1610 morbum
263 1550 294 1609 in
332 1546 580 1630 X11.signifieare
621 1548 658 1607 ait
687 1547 782 1608 Aelius
823 1548 846 1608 S*

98 1642 202 1689 certum
255 1650 318 1689 cum
351 1628 424 1707 justa
476 1649 555 1687 causa
568 1651 577 1702 5
631 1649 710 1704 quem
767 1646 843 1686 nonn

97 1720 194 1786 putant
221 1728 298 1780 esse,
335 1706 384 1785 qui
418 1719 531 1776 noceat,
560 1702 634 1782 quod
666 1719 756 1764 sontes
781 1705 846 1783 'sign

98 1797 140 1844 cat
166 1800 299 1846 nocentes.
334 1783 446 1844 Naevius
475 1785 513 1841 ait
527 1807 534 1841 :
550 1783 688 1844 Sonticam
722 1805 779 1842 esse
814 1805 846 1864 op

97 1875 137 1921 tet
162 1883 295 1937 causam,
323 1879 405 1939 quam
437 1859 472 1918 oh
505 1882 561 1920 rom
603 1862 701 1941 perdas
738 1861 846 1922 muliere

98 1942 251 2022 ffSacram
302 1939 402 2009 viam,
454 1937 566 2016 quidam
620 1941 785 2020 apellatum
839 1962 846 1998 c

98 2018 280 2095 existimant,
321 2015 396 2096 quod
436 2018 465 2077 in
514 2039 545 2076 ea
591 1963 680 2079 soedus
724 2020 811 2077 ictum

97 2101 168 2159 inter
207 2096 355 2158 Romulum
400 2118 432 2156 ac
472 2097 605 2168 Tatium3
646 2096 781 2176 quidam,
820 2119 846 2175 qt

98 2190 129 2238 e'o
172 2178 268 2238 itincre
313 2190 424 2239 utantur
473 2175 624 2237 sacerdotes
674 2175 795 2236 idulium

99 2280 207 2321 crorum
237 2255 468 2319 conficiendorum
498 2276 589 2316 causa.
609 2256 705 2335 Itaque
730 2277 764 2316 ne
787 2267 846 2317 cute*

133 2413 159 2478 [¹
173 2411 246 2461 siout.
258 2415 268 2441 ¹
280 2406 401 2474 suggeris.
416 2403 555 2454 ³ludionis.
568 2404 579 2444 ⁴
597 2401 653 2472 ab.]

409 2568 598 2581 ι---ιι--η-ι-ιι
634 2570 637 2577 ι
