<?xml version="1.0" encoding="UTF-8"?>
<!DOCTYPE html PUBLIC "-//W3C//DTD XHTML 1.0 Transitional//EN"
    "http://www.w3.org/TR/xhtml1/DTD/xhtml1-transitional.dtd">
<html xmlns="http://www.w3.org/1999/xhtml" xml:lang="en" lang="en">
 <head>
  <title>
</title>
<meta http-equiv="Content-Type" content="text/html;charset=utf-8" />
  <meta name='ocr-system' content='tesseract 3.04.00' />
  <meta name='ocr-capabilities' content='ocr_page ocr_carea ocr_par ocr_line ocrx_word'/>
</head>
<body>
  <div class='ocr_page' id='page_1' title='image "./mverriiflaccifr00eggegoog/mverriiflaccifr00eggegoog_0486.png"; bbox 0 0 2250 3090; ppageno 0'>
   <div class='ocr_carea' id='block_1_1' title="bbox 167 127 680 198">
    <p class='ocr_par' dir='ltr' id='par_1_1' title="bbox 167 127 680 198">
     <span class='ocr_line' id='line_1_1' title="bbox 167 127 680 198; baseline 0.002 -11"><span class='ocrx_word' id='word_1_1' title='bbox 167 127 207 187; x_wconf 73' lang='grc'><strong>18</strong></span> <span class='ocrx_word' id='word_1_2' title='bbox 435 148 521 185; x_wconf 77' lang='lat' dir='ltr'><strong>mrsu</strong></span> <span class='ocrx_word' id='word_1_3' title='bbox 543 148 680 198; x_wconf 78' lang='lat' dir='ltr'><strong>oururrs.</strong></span> 
     </span>
    </p>
   </div>
   <div class='ocr_carea' id='block_1_2' title="bbox 73 248 943 2480">
    <p class='ocr_par' dir='ltr' id='par_1_2' title="bbox 168 248 943 410">
     <span class='ocr_line' id='line_1_2' title="bbox 168 248 943 332; baseline 0.003 -23"><span class='ocrx_word' id='word_1_4' title='bbox 168 254 290 331; x_wconf 83' lang='lat' dir='ltr'><strong>portione</strong></span> <span class='ocrx_word' id='word_1_5' title='bbox 301 270 361 329; x_wconf 84' lang='lat' dir='ltr'><strong>quae</strong></span> <span class='ocrx_word' id='word_1_6' title='bbox 374 248 510 321; x_wconf 90' lang='lat' dir='ltr'><strong>dicuutur,</strong></span> <span class='ocrx_word' id='word_1_7' title='bbox 522 272 574 310; x_wconf 91' lang='lat' dir='ltr'><strong>non</strong></span> <span class='ocrx_word' id='word_1_8' title='bbox 585 255 671 332; x_wconf 80' lang='lat' dir='ltr'><strong>magis</strong></span> <span class='ocrx_word' id='word_1_9' title='bbox 680 273 761 329; x_wconf 78' lang='lat' dir='ltr'><strong>asses,</strong></span> <span class='ocrx_word' id='word_1_10' title='bbox 768 275 849 332; x_wconf 87' lang='lat' dir='ltr'><strong>quarn</strong></span> <span class='ocrx_word' id='word_1_11' title='bbox 856 250 943 312; x_wconf 83' lang='lat' dir='ltr'><strong>denarii</strong></span> 
     </span>
     <span class='ocr_line' id='line_1_3' title="bbox 168 329 595 410; baseline 0.005 -21"><span class='ocrx_word' id='word_1_12' title='bbox 168 330 261 389; x_wconf 83' lang='lat' dir='ltr'><strong>aliaeve</strong></span> <span class='ocrx_word' id='word_1_13' title='bbox 274 352 333 409; x_wconf 85' lang='lat' dir='ltr'><strong>quae</strong></span> <span class='ocrx_word' id='word_1_14' title='bbox 346 351 388 389; x_wconf 90' lang='lat' dir='ltr'><strong>res</strong></span> <span class='ocrx_word' id='word_1_15' title='bbox 401 329 595 410; x_wconf 82' lang='lat' dir='ltr'><strong>significantur.</strong></span> 
     </span>
    </p>

    <p class='ocr_par' dir='ltr' id='par_1_3' title="bbox 169 409 943 572">
     <span class='ocr_line' id='line_1_4' title="bbox 209 409 943 492; baseline 0 -23"><span class='ocrx_word' id='word_1_16' title='bbox 209 412 275 469; x_wconf 91' lang='grc'>171.</span> <span class='ocrx_word' id='word_1_17' title='bbox 291 410 366 470; x_wconf 82' lang='lat' dir='ltr'><strong>AEris</strong></span> <span class='ocrx_word' id='word_1_18' title='bbox 379 409 490 469; x_wconf 77' lang='lat' dir='ltr'><strong>minima</strong></span> <span class='ocrx_word' id='word_1_19' title='bbox 504 432 567 490; x_wconf 85' lang='lat' dir='ltr'><strong>pars</strong></span> <span class='ocrx_word' id='word_1_20' title='bbox 580 413 708 485; x_wconf 78' lang='lat' dir='ltr'><strong>sextula,</strong></span> <span class='ocrx_word' id='word_1_21' title='bbox 725 414 798 490; x_wconf 90' lang='lat' dir='ltr'><strong>quod</strong></span> <span class='ocrx_word' id='word_1_22' title='bbox 813 426 883 471; x_wconf 82' lang='lat' dir='ltr'><strong>sexta</strong></span> <span class='ocrx_word' id='word_1_23' title='bbox 894 430 943 492; x_wconf 77' lang='lat' dir='ltr'><strong>pers</strong></span> 
     </span>
     <span class='ocr_line' id='line_1_5' title="bbox 169 489 943 572; baseline 0.003 -25"><span class='ocrx_word' id='word_1_24' title='bbox 169 490 264 551; x_wconf 77' lang='lat' dir='ltr'><strong>ituciae.</strong></span> <span class='ocrx_word' id='word_1_25' title='bbox 280 489 435 552; x_wconf 84' lang='lat' dir='ltr'><strong>Semunct&#39;a</strong></span> <span class='ocrx_word' id='word_1_26' title='bbox 448 490 522 567; x_wconf 87' lang='lat' dir='ltr'><strong>quod</strong></span> <span class='ocrx_word' id='word_1_27' title='bbox 534 491 648 550; x_wconf 85' lang='lat' dir='ltr'><strong>dimidiu</strong></span> <span class='ocrx_word' id='word_1_28' title='bbox 660 514 721 572; x_wconf 87' lang='lat' dir='ltr'><strong>pars</strong></span> <span class='ocrx_word' id='word_1_29' title='bbox 733 492 835 567; x_wconf 79' lang='lat' dir='ltr'><strong>unciae3</strong></span> <span class='ocrx_word' id='word_1_30' title='bbox 851 490 943 551; x_wconf 73' lang='lat' dir='ltr'><strong>seule</strong></span> 
     </span>
    </p>

    <p class='ocr_par' dir='ltr' id='par_1_4' title="bbox 73 565 943 636">
     <span class='ocr_line' id='line_1_6' title="bbox 73 565 943 636; baseline 0 -7"><span class='ocrx_word' id='word_1_31' title='bbox 73 632 77 636; x_wconf 76' lang='grc'><strong>,</strong></span> <span class='ocrx_word' id='word_1_32' title='bbox 168 568 313 630; x_wconf 91' lang='lat' dir='ltr'><strong>dimidium</strong></span> <span class='ocrx_word' id='word_1_33' title='bbox 330 571 405 630; x_wconf 91' lang='lat' dir='ltr'><strong>utin</strong></span> <span class='ocrx_word' id='word_1_34' title='bbox 422 570 529 629; x_wconf 77' lang='lat' dir='ltr'><em>selibra</em></span> <span class='ocrx_word' id='word_1_35' title='bbox 545 586 571 630; x_wconf 89' lang='lat' dir='ltr'><strong>ot</strong></span> <span class='ocrx_word' id='word_1_36' title='bbox 588 573 726 631; x_wconf 85' lang='lat' dir='ltr'><strong>semodio.</strong></span> <span class='ocrx_word' id='word_1_37' title='bbox 749 565 843 631; x_wconf 76' lang='lat' dir='ltr'><strong>Unciei</strong></span> <span class='ocrx_word' id='word_1_38' title='bbox 858 571 891 631; x_wconf 86' lang='lat' dir='ltr'><strong>ab</strong></span> <span class='ocrx_word' id='word_1_39' title='bbox 904 590 943 629; x_wconf 83' lang='lat' dir='ltr'><strong>nnt</strong></span> 
     </span>
    </p>

    <p class='ocr_par' dir='ltr' id='par_1_5' title="bbox 169 649 943 1373">
     <span class='ocr_line' id='line_1_7' title="bbox 169 649 943 730; baseline 0 -22"><span class='ocrx_word' id='word_1_40' title='bbox 169 649 250 710; x_wconf 83' lang='lat' dir='ltr'><strong>dieta.</strong></span> <span class='ocrx_word' id='word_1_41' title='bbox 266 649 390 710; x_wconf 82' lang='lat' dir='ltr'><strong>Sextans</strong></span> <span class='ocrx_word' id='word_1_42' title='bbox 404 650 438 708; x_wconf 86' lang='lat' dir='ltr'><strong>ab</strong></span> <span class='ocrx_word' id='word_1_43' title='bbox 451 670 481 709; x_wconf 90' lang='lat' dir='ltr'><strong>ro</strong></span> <span class='ocrx_word' id='word_1_44' title='bbox 495 651 568 729; x_wconf 91' lang='lat' dir='ltr'><strong>quod</strong></span> <span class='ocrx_word' id='word_1_45' title='bbox 581 665 654 710; x_wconf 85' lang='lat' dir='ltr'><strong>sexta</strong></span> <span class='ocrx_word' id='word_1_46' title='bbox 669 672 733 730; x_wconf 87' lang='lat' dir='ltr'><strong>pars</strong></span> <span class='ocrx_word' id='word_1_47' title='bbox 748 651 832 722; x_wconf 87' lang='lat' dir='ltr'><strong>ossis,</strong></span> <span class='ocrx_word' id='word_1_48' title='bbox 846 664 876 709; x_wconf 88' lang='lat' dir='ltr'><strong>ut</strong></span> <span class='ocrx_word' id='word_1_49' title='bbox 887 668 943 729; x_wconf 72' lang='lat' dir='ltr'><strong>que</strong></span> 
     </span>
     <span class='ocr_line' id='line_1_8' title="bbox 170 729 943 812; baseline 0 -24"><span class='ocrx_word' id='word_1_50' title='bbox 170 731 261 790; x_wconf 79' lang='lat' dir='ltr'><strong>draus</strong></span> <span class='ocrx_word' id='word_1_51' title='bbox 274 730 349 809; x_wconf 89' lang='lat' dir='ltr'><strong>quod</strong></span> <span class='ocrx_word' id='word_1_52' title='bbox 361 743 466 809; x_wconf 83' lang='lat' dir='ltr'><strong>quartu,</strong></span> <span class='ocrx_word' id='word_1_53' title='bbox 482 744 508 788; x_wconf 89' lang='lat' dir='ltr'><strong>et</strong></span> <span class='ocrx_word' id='word_1_54' title='bbox 522 735 610 790; x_wconf 84' lang='lat' dir='ltr'><strong>triens</strong></span> <span class='ocrx_word' id='word_1_55' title='bbox 619 729 694 810; x_wconf 91' lang='lat' dir='ltr'><strong>quod</strong></span> <span class='ocrx_word' id='word_1_56' title='bbox 702 731 779 789; x_wconf 89' lang='lat' dir='ltr'><strong>tertia</strong></span> <span class='ocrx_word' id='word_1_57' title='bbox 792 752 861 812; x_wconf 85' lang='lat' dir='ltr'><strong>pars.</strong></span> <span class='ocrx_word' id='word_1_58' title='bbox 871 732 943 788; x_wconf 73' lang='lat' dir='ltr'><strong>Semi</strong></span> 
     </span>
     <span class='ocr_line' id='line_1_9' title="bbox 170 806 943 893; baseline -0.004 -22"><span class='ocrx_word' id='word_1_59' title='bbox 170 809 244 889; x_wconf 89' lang='lat' dir='ltr'><strong>quod</strong></span> <span class='ocrx_word' id='word_1_60' title='bbox 256 810 361 885; x_wconf 88' lang='lat' dir='ltr'><strong>semias,</strong></span> <span class='ocrx_word' id='word_1_61' title='bbox 372 810 401 870; x_wconf 94' lang='lat' dir='ltr'><strong>id</strong></span> <span class='ocrx_word' id='word_1_62' title='bbox 415 824 454 871; x_wconf 92' lang='lat' dir='ltr'><strong>est</strong></span> <span class='ocrx_word' id='word_1_63' title='bbox 468 824 497 868; x_wconf 90' lang='lat' dir='ltr'><strong>ut</strong></span> <span class='ocrx_word' id='word_1_64' title='bbox 510 810 654 870; x_wconf 88' lang='lat' dir='ltr'><strong>dimidium</strong></span> <span class='ocrx_word' id='word_1_65' title='bbox 669 811 751 877; x_wconf 77' lang='lat' dir='ltr'><strong>assis,</strong></span> <span class='ocrx_word' id='word_1_66' title='bbox 767 824 798 869; x_wconf 93' lang='lat' dir='ltr'><strong>ut</strong></span> <span class='ocrx_word' id='word_1_67' title='bbox 811 831 889 893; x_wconf 86' lang='lat' dir='ltr'><strong>supra</strong></span> <span class='ocrx_word' id='word_1_68' title='bbox 900 806 943 867; x_wconf 86' lang='lat' dir='ltr'><strong>dit:</strong></span> 
     </span>
     <span class='ocr_line' id='line_1_10' title="bbox 170 889 943 971; baseline -0.003 -22"><span class='ocrx_word' id='word_1_69' title='bbox 170 905 228 949; x_wconf 91' lang='lat' dir='ltr'><strong>tum</strong></span> <span class='ocrx_word' id='word_1_70' title='bbox 248 905 296 950; x_wconf 89' lang='lat' dir='ltr'><strong>est.</strong></span> <span class='ocrx_word' id='word_1_71' title='bbox 316 890 446 969; x_wconf 68' lang='lat' dir='ltr'><strong>sepium</strong></span> <span class='ocrx_word' id='word_1_72' title='bbox 464 912 478 948; x_wconf 89' lang='lat' dir='ltr'><strong>a</strong></span> <span class='ocrx_word' id='word_1_73' title='bbox 497 905 596 971; x_wconf 80' lang='lat' dir='ltr'><strong>septem</strong></span> <span class='ocrx_word' id='word_1_74' title='bbox 616 905 642 949; x_wconf 92' lang='lat' dir='ltr'><strong>et</strong></span> <span class='ocrx_word' id='word_1_75' title='bbox 666 889 744 948; x_wconf 86' lang='lat' dir='ltr'><strong>uncia</strong></span> <span class='ocrx_word' id='word_1_76' title='bbox 767 890 943 950; x_wconf 88' lang='lat' dir='ltr'><strong>conlisum.-</strong></span> 
     </span>
     <span class='ocr_line' id='line_1_11' title="bbox 172 969 943 1049; baseline -0.005 -20"><span class='ocrx_word' id='word_1_77' title='bbox 172 973 237 1030; x_wconf 76' lang='lat' dir='ltr'><strong>ttn.</strong></span> <span class='ocrx_word' id='word_1_78' title='bbox 253 970 368 1049; x_wconf 84' lang='lat' dir='ltr'><strong>Reliqua</strong></span> <span class='ocrx_word' id='word_1_79' title='bbox 382 970 547 1044; x_wconf 87' lang='lat' dir='ltr'><strong>obscuriora,</strong></span> <span class='ocrx_word' id='word_1_80' title='bbox 563 970 636 1049; x_wconf 92' lang='lat' dir='ltr'><strong>quod</strong></span> <span class='ocrx_word' id='word_1_81' title='bbox 647 971 682 1028; x_wconf 91' lang='lat' dir='ltr'><strong>ab</strong></span> <span class='ocrx_word' id='word_1_82' title='bbox 693 969 884 1043; x_wconf 82' lang='lat' dir='ltr'><strong>deminutione,</strong></span> <span class='ocrx_word' id='word_1_83' title='bbox 894 980 943 1026; x_wconf 71' lang='lat' dir='ltr'><strong>ctu</strong></span> 
     </span>
     <span class='ocr_line' id='line_1_12' title="bbox 170 1046 943 1131; baseline -0.005 -21"><span class='ocrx_word' id='word_1_84' title='bbox 170 1072 230 1131; x_wconf 81' lang='lat' dir='ltr'><strong>quae</strong></span> <span class='ocrx_word' id='word_1_85' title='bbox 244 1049 438 1110; x_wconf 88' lang='lat' dir='ltr'><strong>deminuuntur</strong></span> <span class='ocrx_word' id='word_1_86' title='bbox 456 1052 491 1109; x_wconf 81' lang='lat' dir='ltr'><strong>itu</strong></span> <span class='ocrx_word' id='word_1_87' title='bbox 507 1065 568 1110; x_wconf 90' lang='lat' dir='ltr'><strong>sunt</strong></span> <span class='ocrx_word' id='word_1_88' title='bbox 585 1063 616 1109; x_wconf 93' lang='lat' dir='ltr'><strong>ut</strong></span> <span class='ocrx_word' id='word_1_89' title='bbox 629 1064 762 1109; x_wconf 87' lang='lat' dir='ltr'><strong>extremas</strong></span> <span class='ocrx_word' id='word_1_90' title='bbox 778 1050 893 1131; x_wconf 83' lang='lat' dir='ltr'><strong>syllabus</strong></span> <span class='ocrx_word' id='word_1_91' title='bbox 906 1046 943 1105; x_wconf 73' lang='lat' dir='ltr'><strong>ha·</strong></span> 
     </span>
     <span class='ocr_line' id='line_1_13' title="bbox 170 1127 887 1203; baseline -0.004 -13"><span class='ocrx_word' id='word_1_92' title='bbox 170 1129 396 1203; x_wconf 83' lang='lat' dir='ltr'><strong>beaut,undeuna</strong></span> <span class='ocrx_word' id='word_1_93' title='bbox 406 1129 465 1189; x_wconf 91' lang='lat' dir='ltr'><strong>dem</strong></span> <span class='ocrx_word' id='word_1_94' title='bbox 488 1127 887 1200; x_wconf 72' lang='lat' dir='ltr'><strong>taunciadeunx5dextansde</strong></span> 
     </span>
     <span class='ocr_line' id='line_1_14' title="bbox 171 1152 909 1292; baseline -0.007 -22"><span class='ocrx_word' id='word_1_95' title='bbox 171 1222 306 1287; x_wconf 77' lang='lat' dir='ltr'><strong>sextante3</strong></span> <span class='ocrx_word' id='word_1_96' title='bbox 321 1211 450 1269; x_wconf 82' lang='lat' dir='ltr'><strong>dodrans</strong></span> <span class='ocrx_word' id='word_1_97' title='bbox 465 1152 573 1292; x_wconf 80' lang='lat' dir='ltr'><strong>dempto</strong></span> <span class='ocrx_word' id='word_1_98' title='bbox 587 1209 752 1290; x_wconf 74' lang='lat' dir='ltr'><strong>quadrante3</strong></span> <span class='ocrx_word' id='word_1_99' title='bbox 771 1213 834 1285; x_wconf 84' lang='lat' dir='ltr'><strong>bes,</strong></span> <span class='ocrx_word' id='word_1_100' title='bbox 853 1221 881 1267; x_wconf 94' lang='lat' dir='ltr'><strong>ut</strong></span> <span class='ocrx_word' id='word_1_101' title='bbox 894 1226 909 1265; x_wconf 91' lang='lat' dir='ltr'><strong>o</strong></span> 
     </span>
     <span class='ocr_line' id='line_1_15' title="bbox 172 1288 938 1373; baseline -0.009 -23"><span class='ocrx_word' id='word_1_102' title='bbox 172 1291 233 1361; x_wconf 82' lang='lat' dir='ltr'><strong>des,</strong></span> <span class='ocrx_word' id='word_1_103' title='bbox 248 1288 357 1369; x_wconf 84' lang='lat' dir='ltr'><strong>dempto</strong></span> <span class='ocrx_word' id='word_1_104' title='bbox 369 1290 476 1348; x_wconf 79' lang='lat' dir='ltr'><strong>triente.</strong></span> <span class='ocrx_word' id='word_1_105' title='bbox 928 1356 938 1373; x_wconf 80' lang='lat'><em>.</em></span> 
     </span>
    </p>

    <p class='ocr_par' dir='ltr' id='par_1_6' title="bbox 170 1366 942 2250">
     <span class='ocr_line' id='line_1_16' title="bbox 212 1366 936 1450; baseline -0.006 -22"><span class='ocrx_word' id='word_1_106' title='bbox 212 1371 281 1428; x_wconf 80' lang='grc'>175.</span> <span class='ocrx_word' id='word_1_107' title='bbox 302 1371 332 1429; x_wconf 90' lang='lat' dir='ltr'><strong>Iu</strong></span> <span class='ocrx_word' id='word_1_108' title='bbox 350 1382 458 1448; x_wconf 76' lang='lat' dir='ltr'><strong>argento</strong></span> <span class='ocrx_word' id='word_1_109' title='bbox 474 1370 588 1429; x_wconf 84' lang='lat' dir='ltr'><strong>nummi</strong></span> <span class='ocrx_word' id='word_1_110' title='bbox 592 1393 602 1450; x_wconf 82' lang='lat'><strong>‚·</strong></span> <span class='ocrx_word' id='word_1_111' title='bbox 620 1366 649 1427; x_wconf 91' lang='lat' dir='ltr'><strong>id</strong></span> <span class='ocrx_word' id='word_1_112' title='bbox 662 1368 697 1427; x_wconf 89' lang='lat' dir='ltr'><strong>ab</strong></span> <span class='ocrx_word' id='word_1_113' title='bbox 710 1368 822 1428; x_wconf 82' lang='lat' dir='ltr'><strong>Siculis.</strong></span> <span class='ocrx_word' id='word_1_114' title='bbox 838 1369 936 1426; x_wconf 74' lang='lat' dir='ltr'><strong>nenas</strong></span> 
     </span>
     <span class='ocr_line' id='line_1_17' title="bbox 170 1445 936 1528; baseline -0.004 -20"><span class='ocrx_word' id='word_1_115' title='bbox 170 1448 245 1528; x_wconf 88' lang='lat' dir='ltr'><strong>quod</strong></span> <span class='ocrx_word' id='word_1_116' title='bbox 263 1448 346 1508; x_wconf 83' lang='lat' dir='ltr'><strong>denos</strong></span> <span class='ocrx_word' id='word_1_117' title='bbox 365 1451 426 1508; x_wconf 87' lang='lat' dir='ltr'><strong>aeris</strong></span> <span class='ocrx_word' id='word_1_118' title='bbox 444 1449 586 1522; x_wconf 84' lang='lat' dir='ltr'><strong>valebant;</strong></span> <span class='ocrx_word' id='word_1_119' title='bbox 605 1451 734 1528; x_wconf 82' lang='lat' dir='ltr'><strong>quinarii</strong></span> <span class='ocrx_word' id='word_1_120' title='bbox 754 1447 830 1526; x_wconf 89' lang='lat' dir='ltr'><strong>quod</strong></span> <span class='ocrx_word' id='word_1_121' title='bbox 846 1445 936 1525; x_wconf 72' lang='lat' dir='ltr'><strong>quinus</strong></span> 
     </span>
     <span class='ocr_line' id='line_1_18' title="bbox 171 1520 939 1608; baseline -0.008 -20"><span class='ocrx_word' id='word_1_122' title='bbox 171 1528 333 1603; x_wconf 80' lang='lat' dir='ltr'><strong>sestertius,</strong></span> <span class='ocrx_word' id='word_1_123' title='bbox 349 1528 420 1608; x_wconf 91' lang='lat' dir='ltr'><strong>quod</strong></span> <span class='ocrx_word' id='word_1_124' title='bbox 435 1528 542 1589; x_wconf 89' lang='lat' dir='ltr'><strong>duobus</strong></span> <span class='ocrx_word' id='word_1_125' title='bbox 555 1530 635 1588; x_wconf 84' lang='lat' dir='ltr'><strong>semis</strong></span> <span class='ocrx_word' id='word_1_126' title='bbox 649 1527 783 1587; x_wconf 85' lang='lat' dir='ltr'><strong>additur*</strong></span> <span class='ocrx_word' id='word_1_127' title='bbox 798 1520 939 1606; x_wconf 70' lang='lat' dir='ltr'><strong>(dupondi-</strong></span> 
     </span>
     <span class='ocr_line' id='line_1_19' title="bbox 171 1606 938 1689; baseline -0.009 -21"><span class='ocrx_word' id='word_1_128' title='bbox 171 1609 245 1669; x_wconf 85' lang='lat' dir='ltr'><strong>euim</strong></span> <span class='ocrx_word' id='word_1_129' title='bbox 258 1623 285 1669; x_wconf 88' lang='lat' dir='ltr'><strong>et</strong></span> <span class='ocrx_word' id='word_1_130' title='bbox 297 1610 376 1669; x_wconf 91' lang='lat' dir='ltr'><strong>semis</strong></span> <span class='ocrx_word' id='word_1_131' title='bbox 390 1609 516 1689; x_wconf 89' lang='lat' dir='ltr'><strong>antiquus</strong></span> <span class='ocrx_word' id='word_1_132' title='bbox 531 1608 666 1668; x_wconf 90' lang='lat' dir='ltr'><strong>sestertius</strong></span> <span class='ocrx_word' id='word_1_133' title='bbox 676 1613 738 1684; x_wconf 87' lang='lat' dir='ltr'><strong>est),</strong></span> <span class='ocrx_word' id='word_1_134' title='bbox 754 1622 780 1667; x_wconf 88' lang='lat' dir='ltr'><strong>et</strong></span> <span class='ocrx_word' id='word_1_135' title='bbox 792 1606 938 1666; x_wconf 76' lang='lat' dir='ltr'><strong>vererisur</strong></span> 
     </span>
     <span class='ocr_line' id='line_1_20' title="bbox 172 1683 938 1757; baseline -0.008 -8"><span class='ocrx_word' id='word_1_136' title='bbox 172 1689 321 1749; x_wconf 87' lang='lat' dir='ltr'><strong>suetudinis</strong></span> <span class='ocrx_word' id='word_1_137' title='bbox 332 1703 362 1748; x_wconf 92' lang='lat' dir='ltr'><strong>ut</strong></span> <span class='ocrx_word' id='word_1_138' title='bbox 373 1704 442 1748; x_wconf 87' lang='lat' dir='ltr'><strong>retro</strong></span> <span class='ocrx_word' id='word_1_139' title='bbox 453 1710 504 1750; x_wconf 86' lang='lat' dir='ltr'><strong>aere</strong></span> <span class='ocrx_word' id='word_1_140' title='bbox 517 1689 647 1757; x_wconf 87' lang='lat' dir='ltr'><strong>dicerent,</strong></span> <span class='ocrx_word' id='word_1_141' title='bbox 664 1687 700 1746; x_wconf 87' lang='lat' dir='ltr'><strong>ita</strong></span> <span class='ocrx_word' id='word_1_142' title='bbox 712 1703 743 1747; x_wconf 91' lang='lat' dir='ltr'><strong>ut</strong></span> <span class='ocrx_word' id='word_1_143' title='bbox 757 1691 842 1746; x_wconf 85' lang='lat' dir='ltr'><strong>semis</strong></span> <span class='ocrx_word' id='word_1_144' title='bbox 854 1683 938 1744; x_wconf 71' lang='lat' dir='ltr'><strong>tertitti</strong></span> 
     </span>
     <span class='ocr_line' id='line_1_21' title="bbox 173 1767 938 1850; baseline -0.009 -21"><span class='ocrx_word' id='word_1_145' title='bbox 173 1783 295 1849; x_wconf 79' lang='lat' dir='ltr'><strong>quartus</strong></span> <span class='ocrx_word' id='word_1_146' title='bbox 304 1774 390 1828; x_wconf 84' lang='lat' dir='ltr'><strong>semis</strong></span> <span class='ocrx_word' id='word_1_147' title='bbox 399 1769 614 1850; x_wconf 81' lang='lat' dir='ltr'><strong>pronuntiarent,</strong></span> <span class='ocrx_word' id='word_1_148' title='bbox 626 1768 660 1827; x_wconf 88' lang='lat' dir='ltr'><strong>ab</strong></span> <span class='ocrx_word' id='word_1_149' title='bbox 669 1768 750 1826; x_wconf 89' lang='lat' dir='ltr'><strong>semis</strong></span> <span class='ocrx_word' id='word_1_150' title='bbox 762 1767 859 1826; x_wconf 84' lang='lat' dir='ltr'><strong>tertius</strong></span> <span class='ocrx_word' id='word_1_151' title='bbox 870 1772 938 1823; x_wconf 67' lang='lat' dir='ltr'><strong>sedet·</strong></span> 
     </span>
     <span class='ocr_line' id='line_1_22' title="bbox 172 1836 939 1910; baseline -0.009 -3"><span class='ocrx_word' id='word_1_152' title='bbox 172 1849 226 1908; x_wconf 90' lang='lat' dir='ltr'><strong>tius</strong></span> <span class='ocrx_word' id='word_1_153' title='bbox 240 1849 337 1909; x_wconf 91' lang='lat' dir='ltr'><strong>dictus.</strong></span> <span class='ocrx_word' id='word_1_154' title='bbox 348 1885 388 1893; x_wconf 93' lang='lat'><em>-</em></span> <span class='ocrx_word' id='word_1_155' title='bbox 399 1852 466 1908; x_wconf 73' lang='lat' dir='ltr'><strong>t&#39;id.</strong></span> <span class='ocrx_word' id='word_1_156' title='bbox 477 1849 588 1910; x_wconf 91' lang='lat' dir='ltr'><strong>Nummi</strong></span> <span class='ocrx_word' id='word_1_157' title='bbox 604 1847 708 1906; x_wconf 86' lang='lat' dir='ltr'><strong>denarii</strong></span> <span class='ocrx_word' id='word_1_158' title='bbox 721 1846 842 1908; x_wconf 76' lang='lat' dir='ltr'><strong>decumo</strong></span> <span class='ocrx_word' id='word_1_159' title='bbox 850 1836 939 1903; x_wconf 72' lang='lat' dir='ltr'><strong>libella,</strong></span> 
     </span>
     <span class='ocr_line' id='line_1_23' title="bbox 173 1926 941 2009; baseline -0.004 -22"><span class='ocrx_word' id='word_1_160' title='bbox 173 1928 246 2008; x_wconf 89' lang='lat' dir='ltr'><strong>quod</strong></span> <span class='ocrx_word' id='word_1_161' title='bbox 261 1927 359 1987; x_wconf 88' lang='lat' dir='ltr'><strong>libram</strong></span> <span class='ocrx_word' id='word_1_162' title='bbox 372 1929 463 2009; x_wconf 92' lang='lat' dir='ltr'><strong>pondo</strong></span> <span class='ocrx_word' id='word_1_163' title='bbox 475 1927 559 1988; x_wconf 77' lang='lat' dir='ltr'><strong>aeris*</strong></span> <span class='ocrx_word' id='word_1_164' title='bbox 575 1927 692 1998; x_wconf 87' lang='lat' dir='ltr'><strong>valebat,</strong></span> <span class='ocrx_word' id='word_1_165' title='bbox 706 1942 731 1986; x_wconf 87' lang='lat' dir='ltr'><strong>et</strong></span> <span class='ocrx_word' id='word_1_166' title='bbox 744 1941 801 1987; x_wconf 82' lang='lat' dir='ltr'><strong>erat</strong></span> <span class='ocrx_word' id='word_1_167' title='bbox 812 1948 846 1985; x_wconf 84' lang='lat' dir='ltr'><strong>ex</strong></span> <span class='ocrx_word' id='word_1_168' title='bbox 859 1926 941 2003; x_wconf 63' lang='lat' dir='ltr'><strong>argeti?</strong></span> 
     </span>
     <span class='ocr_line' id='line_1_24' title="bbox 174 2004 941 2090; baseline -0.009 -23"><span class='ocrx_word' id='word_1_169' title='bbox 174 2029 268 2090; x_wconf 84' lang='lat' dir='ltr'><strong>parva.</strong></span> <span class='ocrx_word' id='word_1_170' title='bbox 278 2008 432 2084; x_wconf 63' lang='lat' dir='ltr'><strong>Sembelltu</strong></span> <span class='ocrx_word' id='word_1_171' title='bbox 443 2008 518 2088; x_wconf 88' lang='lat' dir='ltr'><strong>quod</strong></span> <span class='ocrx_word' id='word_1_172' title='bbox 526 2008 625 2068; x_wconf 83' lang='lat' dir='ltr'><strong>libetlae</strong></span> <span class='ocrx_word' id='word_1_173' title='bbox 635 2005 792 2079; x_wconf 88' lang='lat' dir='ltr'><strong>dimidium,</strong></span> <span class='ocrx_word' id='word_1_174' title='bbox 804 2004 941 2084; x_wconf 74' lang='lat' dir='ltr'><strong>quodsum</strong></span> 
     </span>
     <span class='ocr_line' id='line_1_25' title="bbox 175 2078 942 2148; baseline -0.009 -1"><span class='ocrx_word' id='word_1_175' title='bbox 175 2087 249 2148; x_wconf 81' lang='lat' dir='ltr'><strong>assis.</strong></span> <span class='ocrx_word' id='word_1_176' title='bbox 275 2089 431 2147; x_wconf 80' lang='lat' dir='ltr'><strong>Teruncius</strong></span> <span class='ocrx_word' id='word_1_177' title='bbox 448 2110 463 2146; x_wconf 85' lang='lat' dir='ltr'><strong>a</strong></span> <span class='ocrx_word' id='word_1_178' title='bbox 481 2089 569 2148; x_wconf 90' lang='lat' dir='ltr'><strong>tribus</strong></span> <span class='ocrx_word' id='word_1_179' title='bbox 589 2087 675 2146; x_wconf 90' lang='lat' dir='ltr'><strong>unciis</strong></span> <span class='ocrx_word' id='word_1_180' title='bbox 689 2085 714 2144; x_wconf 84' lang='lat'><strong>*.</strong></span> <span class='ocrx_word' id='word_1_181' title='bbox 731 2086 845 2148; x_wconf 86' lang='lat' dir='ltr'><strong>Libellae</strong></span> <span class='ocrx_word' id='word_1_182' title='bbox 862 2096 889 2143; x_wconf 91' lang='lat' dir='ltr'><strong>ut</strong></span> <span class='ocrx_word' id='word_1_183' title='bbox 903 2078 942 2135; x_wconf 56' lang='lat' dir='ltr'><strong>hd</strong></span> 
     </span>
     <span class='ocr_line' id='line_1_26' title="bbox 174 2165 904 2250; baseline -0.007 -22"><span class='ocrx_word' id='word_1_184' title='bbox 174 2183 270 2250; x_wconf 78' lang='lat' dir='ltr'><strong>quiante</strong></span> <span class='ocrx_word' id='word_1_185' title='bbox 282 2190 355 2250; x_wconf 78' lang='lat' dir='ltr'><strong>pars,</strong></span> <span class='ocrx_word' id='word_1_186' title='bbox 366 2168 405 2229; x_wconf 89' lang='lat' dir='ltr'><strong>sie</strong></span> <span class='ocrx_word' id='word_1_187' title='bbox 413 2166 548 2248; x_wconf 85' lang='lat' dir='ltr'><strong>quadrans</strong></span> <span class='ocrx_word' id='word_1_188' title='bbox 558 2168 623 2226; x_wconf 87' lang='lat' dir='ltr'><strong>assis</strong></span> <span class='ocrx_word' id='word_1_189' title='bbox 634 2165 735 2226; x_wconf 83' lang='lat' dir='ltr'><strong>eadem.</strong></span> <span class='ocrx_word' id='word_1_190' title='bbox 899 2237 904 2250; x_wconf 40' lang='grc' dir='ltr'>Ι</span> 
     </span>
    </p>

    <p class='ocr_par' dir='ltr' id='par_1_7' title="bbox 177 2246 943 2480">
     <span class='ocr_line' id='line_1_27' title="bbox 216 2246 942 2325; baseline -0.01 -16"><span class='ocrx_word' id='word_1_191' title='bbox 216 2249 285 2310; x_wconf 83' lang='grc'>175.</span> <span class='ocrx_word' id='word_1_192' title='bbox 302 2251 417 2309; x_wconf 82' lang='lat' dir='ltr'><strong>Pecunia</strong></span> <span class='ocrx_word' id='word_1_193' title='bbox 432 2247 594 2308; x_wconf 79' lang='lat' dir='ltr'><strong>vocabulum</strong></span> <span class='ocrx_word' id='word_1_194' title='bbox 611 2261 712 2321; x_wconf 85' lang='lat' dir='ltr'><strong>mutat,</strong></span> <span class='ocrx_word' id='word_1_195' title='bbox 728 2268 790 2305; x_wconf 88' lang='lat' dir='ltr'><strong>nam</strong></span> <span class='ocrx_word' id='word_1_196' title='bbox 807 2255 889 2325; x_wconf 88' lang='lat' dir='ltr'><strong>potest</strong></span> <span class='ocrx_word' id='word_1_197' title='bbox 898 2246 942 2324; x_wconf 62' lang='lat' dir='ltr'><strong>dtffl</strong></span> 
     </span>
     <span class='ocr_line' id='line_1_28' title="bbox 177 2325 932 2407; baseline -0.015 -17"><span class='ocrx_word' id='word_1_198' title='bbox 177 2330 231 2391; x_wconf 89' lang='lat' dir='ltr'><strong>dici</strong></span> <span class='ocrx_word' id='word_1_199' title='bbox 244 2338 302 2407; x_wconf 78' lang='lat' dir='ltr'><strong>dos,</strong></span> <span class='ocrx_word' id='word_1_200' title='bbox 314 2330 421 2401; x_wconf 81' lang='lat' dir='ltr'><strong>arrabo,</strong></span> <span class='ocrx_word' id='word_1_201' title='bbox 436 2350 545 2402; x_wconf 91' lang='lat' dir='ltr'><strong>merces,</strong></span> <span class='ocrx_word' id='word_1_202' title='bbox 555 2327 736 2386; x_wconf 82' lang='lat' dir='ltr'><strong>corollarium.</strong></span> <span class='ocrx_word' id='word_1_203' title='bbox 751 2328 813 2386; x_wconf 86' lang='lat' dir='ltr'><strong>Dos</strong></span> <span class='ocrx_word' id='word_1_204' title='bbox 826 2325 850 2385; x_wconf 87' lang='lat' dir='ltr'><strong>si</strong></span> <span class='ocrx_word' id='word_1_205' title='bbox 860 2340 907 2399; x_wconf 88' lang='lat' dir='ltr'><strong>nup</strong></span> <span class='ocrx_word' id='word_1_206' title='bbox 927 2388 932 2399; x_wconf 46' lang='grc'>,</span> 
     </span>
     <span class='ocr_line' id='line_1_29' title="bbox 178 2392 943 2480; baseline -0.014 -10"><span class='ocrx_word' id='word_1_207' title='bbox 178 2433 239 2471; x_wconf 88' lang='lat' dir='ltr'><strong>rum</strong></span> <span class='ocrx_word' id='word_1_208' title='bbox 253 2432 332 2472; x_wconf 84' lang='lat' dir='ltr'><strong>causa</strong></span> <span class='ocrx_word' id='word_1_209' title='bbox 346 2409 421 2470; x_wconf 88' lang='lat' dir='ltr'><strong>data:</strong></span> <span class='ocrx_word' id='word_1_210' title='bbox 435 2409 491 2467; x_wconf 84' lang='lat' dir='ltr'><strong>haec</strong></span> <span class='ocrx_word' id='word_1_211' title='bbox 503 2409 596 2469; x_wconf 84' lang='lat' dir='ltr'><strong>Graece</strong></span> <span class='ocrx_word' id='word_1_212' title='bbox 611 2406 719 2480; x_wconf 83' lang='grc' dir='ltr'>δωτίνη,</span> <span class='ocrx_word' id='word_1_213' title='bbox 731 2408 769 2465; x_wconf 91' lang='lat' dir='ltr'><strong>ita</strong></span> <span class='ocrx_word' id='word_1_214' title='bbox 779 2409 849 2465; x_wconf 90' lang='lat' dir='ltr'><strong>enim</strong></span> <span class='ocrx_word' id='word_1_215' title='bbox 861 2404 904 2461; x_wconf 83' lang='lat' dir='ltr'><strong>hoc</strong></span> <span class='ocrx_word' id='word_1_216' title='bbox 912 2392 943 2452; x_wconf 74' lang='lat'><strong>5¹·</strong></span> 
     </span>
    </p>
   </div>
   <div class='ocr_carea' id='block_1_3' title="bbox 55 2468 943 2751">
    <p class='ocr_par' dir='ltr' id='par_1_8' title="bbox 55 2468 943 2751">
     <span class='ocr_line' id='line_1_30' title="bbox 179 2468 942 2561; baseline -0.007 -11"><span class='ocrx_word' id='word_1_217' title='bbox 179 2491 289 2552; x_wconf 59' lang='lat' dir='ltr'><strong>culisti</strong></span> <span class='ocrx_word' id='word_1_218' title='bbox 300 2490 392 2551; x_wconf 88' lang='lat' dir='ltr'><strong>eodem</strong></span> <span class='ocrx_word' id='word_1_219' title='bbox 403 2492 524 2561; x_wconf 80' lang='lat' dir='ltr'><strong>donum,</strong></span> <span class='ocrx_word' id='word_1_220' title='bbox 535 2509 597 2547; x_wconf 84' lang='lat' dir='ltr'><strong>nam</strong></span> <span class='ocrx_word' id='word_1_221' title='bbox 607 2489 701 2547; x_wconf 87' lang='lat' dir='ltr'><strong>Graece</strong></span> <span class='ocrx_word' id='word_1_222' title='bbox 712 2501 741 2545; x_wconf 91' lang='lat' dir='ltr'><strong>ut</strong></span> <span class='ocrx_word' id='word_1_223' title='bbox 753 2496 911 2546; x_wconf 76' lang='lat' dir='ltr'><strong>rssunomott</strong></span> <span class='ocrx_word' id='word_1_224' title='bbox 919 2468 942 2545; x_wconf 70' lang='lat' dir='ltr'><strong>ir</strong></span> 
     </span>
     <span class='ocr_line' id='line_1_31' title="bbox 55 2554 942 2655; baseline -0.014 -23"><span class='ocrx_word' id='word_1_225' title='bbox 55 2568 117 2655; x_wconf 51' lang='lat' dir='ltr'><strong>bit}</strong></span> <span class='ocrx_word' id='word_1_226' title='bbox 181 2585 207 2631; x_wconf 87' lang='lat' dir='ltr'><strong>et</strong></span> <span class='ocrx_word' id='word_1_227' title='bbox 221 2587 251 2632; x_wconf 93' lang='lat' dir='ltr'><strong>ut</strong></span> <span class='ocrx_word' id='word_1_228' title='bbox 266 2572 313 2632; x_wconf 88' lang='lat' dir='ltr'><strong>alii</strong></span> <span class='ocrx_word' id='word_1_229' title='bbox 332 2571 415 2651; x_wconf 85' lang='grc' dir='ltr'>δόμα,</span> <span class='ocrx_word' id='word_1_230' title='bbox 430 2585 456 2630; x_wconf 89' lang='lat' dir='ltr'><strong>et</strong></span> <span class='ocrx_word' id='word_1_231' title='bbox 467 2583 496 2630; x_wconf 91' lang='lat' dir='ltr'><strong>ut</strong></span> <span class='ocrx_word' id='word_1_232' title='bbox 510 2567 590 2628; x_wconf 81' lang='lat' dir='ltr'><strong>Attici</strong></span> <span class='ocrx_word' id='word_1_233' title='bbox 611 2566 692 2628; x_wconf 86' lang='grc' dir='ltr'>δόσιν.</span> <span class='ocrx_word' id='word_1_234' title='bbox 709 2567 828 2626; x_wconf 83' lang='lat' dir='ltr'><strong>Arrabo</strong></span> <span class='ocrx_word' id='word_1_235' title='bbox 845 2564 880 2624; x_wconf 90' lang='lat' dir='ltr'><strong>sic</strong></span> <span class='ocrx_word' id='word_1_236' title='bbox 890 2554 942 2615; x_wconf 54' lang='grc'>(1111,</span> 
     </span>
     <span class='ocr_line' id='line_1_32' title="bbox 57 2628 943 2751; baseline -0.006 -39"><span class='ocrx_word' id='word_1_237' title='bbox 57 2664 71 2675; x_wconf 92' lang='grc'><strong>·’</strong></span> <span class='ocrx_word' id='word_1_238' title='bbox 102 2676 106 2685; x_wconf 94' lang='grc'><em>·</em></span> <span class='ocrx_word' id='word_1_239' title='bbox 145 2716 160 2751; x_wconf 48' lang='grc' dir='ltr'><strong>Ι,</strong></span> <span class='ocrx_word' id='word_1_240' title='bbox 181 2665 211 2711; x_wconf 86' lang='lat' dir='ltr'><strong>ut</strong></span> <span class='ocrx_word' id='word_1_241' title='bbox 221 2651 352 2733; x_wconf 76' lang='lat' dir='ltr'><strong>reliquom</strong></span> <span class='ocrx_word' id='word_1_242' title='bbox 366 2650 494 2713; x_wconf 85' lang='lat' dir='ltr'><strong>reddatur</strong></span> <span class='ocrx_word' id='word_1_243' title='bbox 499 2671 508 2726; x_wconf 88' lang='lat'>;</span> <span class='ocrx_word' id='word_1_244' title='bbox 522 2648 573 2708; x_wconf 87' lang='lat' dir='ltr'><strong>hoc</strong></span> <span class='ocrx_word' id='word_1_245' title='bbox 583 2648 696 2709; x_wconf 89' lang='lat' dir='ltr'><strong>verbum</strong></span> <span class='ocrx_word' id='word_1_246' title='bbox 708 2647 772 2708; x_wconf 87' lang='lat' dir='ltr'><strong>item</strong></span> <span class='ocrx_word' id='word_1_247' title='bbox 784 2668 800 2705; x_wconf 84' lang='lat' dir='ltr'><strong>a</strong></span> <span class='ocrx_word' id='word_1_248' title='bbox 813 2628 943 2707; x_wconf 70' lang='lat' dir='ltr'><strong>Graeud</strong></span> 
     </span>
    </p>
   </div>
   <div class='ocr_carea' id='block_1_4' title="bbox 87 2774 151 2896">
    <p class='ocr_par' dir='ltr' id='par_1_9' title="bbox 87 2774 151 2896">
     <span class='ocr_line' id='line_1_33' title="bbox 87 2774 151 2896; baseline -0.234 0"><span class='ocrx_word' id='word_1_249' title='bbox 87 2774 108 2896; x_wconf 85' lang='lat' dir='ltr'><strong>i</strong></span> <span class='ocrx_word' id='word_1_250' title='bbox 148 2876 151 2881; x_wconf 85' lang='grc'><strong>,</strong></span> 
     </span>
    </p>
   </div>
   <div class='ocr_carea' id='block_1_5' title="bbox 0 0 1141 3090">
    <p class='ocr_par' dir='ltr' id='par_1_10' title="bbox 0 0 1141 3090">
     <span class='ocr_line' id='line_1_34' title="bbox 0 0 1141 3090; baseline 0 0"><span class='ocrx_word' id='word_1_251' title='bbox 0 0 1141 3090; x_wconf 95' lang='lat' dir='ltr'><strong> </strong></span> 
     </span>
    </p>
   </div>
  </div>
 </body>
</html>
