2250 3090
162 183 221 241 rot
432 197 516 236 ursus
537 197 677 239 nocivus.

162 305 250 379 ovile,
264 303 299 363 ab
308 324 358 362 ave
367 303 459 380 uuile;
472 317 498 363 et
512 323 575 363 cum
586 301 712 363 debuerit
721 324 792 380 esse,
803 318 837 365 ut
849 303 953 365 acubu-

160 385 233 445 tiouc
249 383 427 456 cubiculum,
448 383 488 443 sio
503 406 516 442 a
530 383 645 445 sessione
656 383 825 457 sediculwu,
840 404 895 445 uon
910 397 955 443 est.

162 464 264 525 -55.
284 463 419 538 Quoniam
440 464 547 522 taberna
568 463 614 521 uhi
637 462 711 522 vonit
726 465 839 535 viuum,
861 462 956 525 ovino

163 547 296 617 uinaria,
310 565 325 601 a
338 557 409 602 creta
420 547 557 618 rectario,
570 543 606 602 ab
616 556 754 619 unguento
764 545 956 633 urguentmia

163 622 265 683 dicitur
280 647 288 683 ι
302 625 463 702 ἀναλογικῶς
476 622 499 683 si
511 637 597 682 essent
610 622 753 696 vocabuit,
769 624 817 683 ubt
831 644 896 683 cero
907 642 955 682 rc-

83 734 87 743 ,
164 702 205 762 uit
217 703 348 774 carnaria,
366 703 413 761 ubi
429 702 513 782 pelles
525 703 660 784 peliiaria,
672 703 721 761 ubi
733 702 818 763 celoci
830 701 954 764 salomis

165 783 299 843 diceretur
312 806 320 852 ;
331 803 382 841 nou
395 783 516 842 lumem
526 805 557 842 uo
585 783 732 842 ellesuinu
742 796 770 841 et
785 787 914 843 sutrina.
922 780 955 841 Et

166 861 236 923 sicut
251 876 291 923 cst
301 862 336 922 ab
351 883 405 921 uno
419 867 483 934 uni,
497 806 611 923 αῑιήζιιε
622 865 729 921 triuio
745 875 877 940 quattuor
884 880 954 944 qua·

168 942 258 1015 drini,
273 942 342 1001 sica
359 940 466 1001 duobus
481 942 571 1015 dumi,
589 963 641 1001 uun
657 945 719 1003 bini
731 941 873 1003 diceretur
886 964 896 1016 ς
911 958 954 999 uec

167 1042 221 1081 uon
247 1034 277 1081 ut
298 1022 461 1104 quadriges,
482 1027 579 1103 trigue,
598 1022 638 1082 sic
659 1024 751 1102 potius
769 1020 864 1101 duigae
879 1039 953 1100 quum

169 1104 252 1180 bigm.
267 1101 404 1160 Permulta
414 1116 479 1162 suut
497 1103 611 1182 hujusce
624 1100 740 1182 generis,
756 1121 818 1177 quae
831 1100 953 1179 quouiuu

168 1178 322 1241 admonitus
333 1181 482 1319 persEicore
489 1189 587 1273 potest,
601 1182 704 1243 omitto.
713 1182 808 1241 -56.
817 1178 954 1243 voeabula

169 1280 229 1336 quae
241 1258 276 1319 ab
289 1260 390 1319 nomini
413 1282 444 1319 us
455 1276 591 1332 oriuntur,
605 1263 628 1321 si
643 1259 830 1321 absimilibus
844 1256 955 1319 uomiui·

169 1338 221 1397 hus
238 1338 344 1399 similiu-
357 1360 414 1399 esse
427 1340 536 1408 debent,
554 1340 686 1410 dicemus,
707 1339 839 1418 quonium
858 1337 956 1419 grmiur'

171 1432 234 1477 suut
248 1420 353 1493 Parma,
369 1419 450 1494 Alba,
467 1423 566 1494 Roma,
581 1424 627 1480 ut*
639 1424 828 1490 romenses,
843 1418 956 1479 *Alben-

171 1517 224 1572 ses,
234 1499 407 1576 Romeuses*;
419 1515 465 1559 cut
476 1500 602 1578 quoniam
615 1515 656 1565 est
665 1498 765 1559 similis
772 1501 871 1573 Roma,
881 1496 952 1565 Nota,

172 1580 279 1646 Parma,
291 1577 411 1638 dicemus
423 1594 453 1639 ut
462 1583 600 1647 Romani,
610 1579 720 1648 Nouoi,
732 1578 773 1638 sic
781 1577 907 1639 Parmani
917 1599 925 1633 ε
934 1586 957 1633 et

173 1659 218 1718 ut*
230 1680 246 1717 a
257 1660 398 1737 Pergamo,
413 1660 448 1718 ab
468 1660 520 1721 Ilio
531 1661 666 1731 similiter,
683 1662 883 1736 Pergamenus,
899 1654 955 1715 ilie·

172 1759 224 1798 uus
241 1763 249 1811 ;
263 1752 307 1797 sut
321 1753 351 1797 ut
364 1740 454 1801 liius*
467 1754 493 1799 et
507 1739 559 1799 Ilia
572 1760 629 1799 mus
642 1753 669 1798 et
686 1738 797 1809 semino,
813 1737 855 1798 sic
868 1739 955 1810 Pugn-

172 1838 234 1877 mus
252 1832 279 1877 et
299 1821 426 1897 Pergama
440 1820 484 1879 vir
500 1835 526 1880 et
539 1818 647 1879 mulier.
667 1819 704 1879 Et
714 1817 848 1896 quonism
864 1812 956 1875 simiis

172 1897 280 1958 nomina
290 1912 352 1956 suut
362 1900 438 1975 Asia,
447 1899 546 1981 Libya,
556 1898 679 1959 dicemus
686 1898 820 1957 Asiaticos
829 1895 956 1975 etLihyu·

171 1977 238 2039 ticos
251 1977 383 2039 homines.
461 1997 463 2003 ·

205 2058 263 2118 57.
277 2061 344 2133 Quae
359 2057 488 2118 vocabula
510 2057 639 2118 dicuutur
657 2056 808 2133 overbis*‚
822 2069 854 2114 ut
871 2050 957 2113 ascri·

173 2137 262 2198 heudo
281 2141 442 2216 scriptor,u
463 2136 574 2216 legendo
589 2138 691 2212 horor,
712 2137 771 2195 hoec
789 2155 898 2215 quoque
912 2148 956 2219 uun

172 2240 279 2280 servare
288 2217 494 2279 similitudinem
504 2218 567 2276 iicet
575 2215 668 2276 videre
676 2238 712 2275 cx
722 2216 764 2274 his
777 2241 783 2274 :
796 2236 860 2275 cum
872 2209 959 2273 simiu-

173 2313 214 2358 ter
230 2299 338 2358 dicutur
353 2311 384 2357 ut
402 2297 437 2356 ub
452 2297 566 2359 amando
581 2309 709 2369 amator,
728 2309 755 2354 ct
770 2294 805 2354 ab
825 2286 958 2353 saluundo

174 2380 320 2439 salutator
334 2392 359 2436 et
374 2378 408 2436 ab
426 2376 557 2436 cautando
570 2389 709 2436 cantator
719 2401 729 2445 ,-
741 2387 768 2433 et
783 2395 846 2435 curn
863 2372 958 2431 dicutur

173 2458 260 2519 lassus
275 2480 336 2518 sum
351 2456 484 2527 metendo,
498 2457 609 2516 serendo
628 2482 635 2514 ι
655 2478 691 2515 cx
707 2455 749 2514 his
763 2452 898 2513 uocabula
912 2465 956 2509 uon

173 2538 291 2598 reddunt
302 2538 513 2621 proportionem,
527 2559 581 2615 quo
594 2558 646 2595 nou
656 2535 698 2608 iit,
710 2549 742 2595 ut
753 2554 876 2603 messor,
886 2527 957 2619 stiffi

174 2631 225 2677 tor.
238 2620 326 2677 Multa
344 2631 407 2677 suut
420 2621 484 2679 iteru
499 2617 527 2677 in
542 2618 590 2677 hoc
606 2617 705 2697 specie.
721 2613 865 2695 inquibus
878 2620 955 2692 pult&

173 2698 393 2759 consuetudinem
405 2698 544 2781 sequimur
556 2717 639 2778 quem
646 2694 781 2757 rationem
791 2693 937 2756 verborum·
