2250 3090
300 69 358 106 uem
370 46 538 120 manumisit,
552 47 599 106 ille
613 35 700 107 nihilo
711 47 801 106 miuus

300 140 327 186 ut
336 126 509 203 magistratus
521 125 590 186 vitio
600 141 704 186 creatus
713 126 801 186 nihilo

312 206 412 266 Praetor
431 207 550 283 quitum
564 207 635 266 satus
648 218 698 279 est,
715 205 801 266 siim·
819 236 821 243 ·

300 284 369 344 ulari
390 285 478 344 hostia
490 287 559 343 sacta
573 287 682 366 piatur3
697 285 719 344 si
733 306 800 378 pru·

303 364 438 424 Muciuss
448 365 602 443 ambigebat
612 387 675 424 eum
695 365 801 445 expiari

326 476 384 504 .-
397 445 448 507 51
463 447 600 502 Intercisr'
609 445 667 504 dies
676 458 739 504 sunt
733 464 801 537 'per

304 524 320 582 ·i
332 537 373 583 est
387 525 476 595 ursas,
499 523 590 584 medio
601 540 719 606 ternpore
731 524 801 585 inter

305 618 362 663 uxta
374 617 500 696 porrecta
508 605 588 674 fas,a
573 626 662 683 aquo
672 603 748 684 quud
759 605 800 664 fas

309 705 341 743 eo
354 697 393 744 est
407 683 563 744 intercisum
582 687 665 759 nefas,
682 688 800 746 interci-

309 763 395 823 usic.
413 766 538 841 Quando
549 767 613 824 Rex
623 768 798 837 comrtravrt

310 843 379 922 {trud
390 864 421 902 eo
431 842 476 902 die
488 865 535 902 rex
546 845 723 904 sacrificiolus
734 845 812 905 irat*-

315 922 351 982 od
364 938 469 1003 tempus
483 936 523 981 est
536 924 623 999 nefas,
645 924 680 984 ab
693 945 725 984 uu
741 924 796 1006 fas·

313 1024 334 1062 rs
349 1004 509 1083 legencium
523 1023 601 1083 saepe.
618 1007 719 1064 -tm
735 974 800 1064 Diei

314 1083 339 1141 io
351 1096 476 1142 stercum
484 1082 705 1164 delatum,fas,
720 1082 800 1142 abeo

318 1184 333 1220 e
345 1182 378 1222 ex
387 1160 445 1221 rede
456 1164 545 1223 Vestae
555 1176 657 1223 stercus
667 1162 801 1222 everritur

320 1241 422 1302 iivom
415 1263 441 1301 rn
455 1241 546 1301 locum
557 1240 678 1301 defertur
687 1254 799 1302 sertum

319 1321 352 1380 lm
362 1321 670 1399 ssuvrodrctus3namib1
679 1336 799 1382 exercitu

321 1401 465 1461 bsedrrunt
478 1404 604 1462 Romam.

327 1482 369 1539 lor
355 1503 415 1540 um
423 1482 527 1540 rherum
541 1483 674 1542 vocabula
684 1482 801 1572 pertinet

324 1582 349 1619 ra
363 1563 419 1620 sere
435 1576 614 1641 alienamur,
626 1565 649 1620 si
669 1584 684 1620 a
698 1563 799 1623 Martio

331 1654 370 1684 m}
415 1661 495 1676 nun-m
