2250 3090
163 193 221 252 tta
460 209 547 248 ursus
568 206 672 248 nonus.

162 336 268 394 cantor,
279 334 310 380 ut
323 320 351 379 in
360 318 538 401 Myrmecidis
547 319 673 401 operibus
683 318 801 382 minutis
814 320 883 381 solet
891 320 953 381 ficri.

161 404 251 494 igitur
263 403 292 459 in
305 399 396 460 verbis
412 400 607 481 temporalibus
621 421 704 479 quom
723 400 880 462 similitudo
893 422 956 483 saepe

162 482 324 558 srtoonfnsa,
334 492 365 539 ut
373 478 488 539 discerni
498 493 622 558 nequeat,
631 479 683 539 nisi
694 481 836 541 transieris
844 481 873 540 in
883 481 957 541 aliam

72 564 77 577 '
161 580 302 641 personam
318 573 365 618 aut
383 560 411 617 in
429 572 536 640 tempus
553 584 561 619 ι
577 579 637 638 quae
655 561 799 641 proposita
822 574 897 639 sunt,
910 580 957 621 non

161 661 218 701 esse
231 640 329 700 similia
344 639 518 720 intellegitur,
534 653 597 699 cnm
611 638 755 699 transitum
770 655 812 701 cst
826 640 854 700 in
870 661 956 701 secun·

162 719 954 799 dampersonam3quodaltorumestdolas,alterumcolis.

166 801 274 863 -109,
285 801 378 878 ltaque
385 799 522 876 inreliqua
527 800 612 857 forma
621 799 770 860 verborum
776 823 856 861 suam
863 814 957 859 utrum·

162 903 214 961 que
228 880 350 960 sequitur
367 878 490 938 formam.
508 880 609 938 Utrum
623 881 651 936 'tn
669 878 788 939 secunda
801 880 891 940 forma
902 901 956 939 ver·

162 962 229 1020 bum
242 958 389 1040 temporale
404 958 501 1017 habeat
514 958 540 1015 in
555 972 674 1017 extrema
687 958 797 1040 syllaba
811 962 857 1022 AS
872 980 906 1019 an
917 959 955 1026 lS.

164 1040 221 1100 *ad
234 1038 424 1102 discernendas
438 1036 674 1098 dissimilitudines
688 1038 824 1117 inte1·est;
840 1038 957 1119 quocirca

164 1120 204 1179 ibi
223 1121 312 1201 potius
327 1117 409 1178 index
422 1117 561 1197 analogice,
575 1140 655 1196 quam
670 1117 698 1179 in
716 1119 823 1197 prima,
838 1116 958 1199 quodibi

164 1200 286 1260 obstrusa
304 1211 345 1258 est
359 1196 563 1274 dissimilitudo,
580 1212 610 1256 nt
625 1204 739 1278 apparet
754 1198 791 1273 iu⁸
803 1198 849 1258 his
868 1218 957 1267 emen,

165 1296 229 1346 neo,
245 1300 297 1338 ruo
307 1302 317 1357 5
327 1277 362 1336 ab
375 1276 420 1337 his
431 1278 503 1336 enirn
516 1275 659 1337 dissimilia
667 1276 738 1336 liunt
747 1279 881 1349 transitu,
892 1274 958 1359 qood

164 1359 203 1418 sic
213 1357 358 1418 dicuntur:
373 1378 441 1432 meo,
454 1378 552 1433 meas;
565 1366 626 1427 neo,
642 1364 711 1434 n'es'3
724 1378 787 1426 ruo,
801 1361 865 1419 ruis
878 1381 887 1434 3
900 1376 959 1437 qno·

164 1460 226 1497 rum
241 1436 452 1518 unumquodque
465 1457 541 1496 suam
555 1449 694 1496 conservat
707 1434 903 1499 similitudinis
912 1440 959 1497 ior

163 1539 246 1579 marn.

204 1600 278 1659 110.,
288 1597 438 1679 Analogian
461 1598 523 1658 item
538 1596 572 1658 de
585 1596 629 1656 his
642 1617 703 1676 quas
713 1598 891 1678 appellantur
937 1618 960 1655 r·

163 1678 265 1770 ticipia,
277 1678 477 1758 reprehendunt
487 1678 572 1736 multa
585 1678 682 1758 injuria
692 1700 704 1745 ;
714 1698 777 1736 nam
789 1690 843 1737 non
865 1677 901 1737 de
952 1687 961 1732 t

163 1757 216 1818 dior
237 1773 311 1818 tema
332 1759 368 1817 ab
386 1758 502 1839 singulis
520 1757 610 1817 verbis
630 1783 637 1815 ι
656 1769 822 1827 erraturos,
847 1775 958 1821 amaus,

165 1852 289 1914 amotus,
306 1837 380 1918 quod
399 1854 438 1898 cst
458 1839 492 1897 ab
513 1859 585 1911 amo,
604 1856 694 1895 amans
706 1848 740 1895 'et
759 1852 914 1910 amaturus,
931 1834 960 1893 ab

164 1940 241 1977 amor
253 1933 367 1981 amatus.
382 1918 468 1990 illud,
479 1917 599 1997 analogia
612 1915 685 1996 qnod
697 1924 826 1996 praestare
834 1916 926 1987 debet,
936 1915 958 1972 in

164 2018 213 2057 suo
224 1996 344 2077 quidque
356 2019 450 2079 genere
459 1997 539 2057 habet
551 2018 636 2069 casus,
652 2010 682 2055 ut
695 2009 813 2067 ansatus,
826 2012 926 2063 amato,
939 2008 959 2053 et

163 2079 243 2136 amati
248 2122 256 2152 ‚
268 2079 362 2138 amatis
376 2101 384 2151 3
399 2092 424 2137 et
433 2078 472 2137 sic
485 2076 512 2136 in
527 2076 687 2135 mulieribus
700 2088 789 2135 ainata
804 2092 831 2136 et
844 2090 938 2137 amatae
952 2099 957 2130 ε

164 2158 227 2216 item
255 2171 392 2217 amaturus
420 2155 615 2239 ejusdemmodi
643 2156 726 2216 habet
752 2156 960 2221 declinationes,

163 2258 256 2297 amans
268 2238 350 2317 paulo
365 2237 443 2296 aliter
457 2261 466 2313 ;
488 2235 562 2315 quod
576 2237 626 2295 hoo
643 2255 728 2326 genus
746 2236 838 2296 omnia
852 2249 916 2297 sunt
936 2234 959 2292 in

163 2338 212 2377 suo
222 2337 317 2396 genere
326 2316 425 2376 similia
438 2316 620 2398 proportione,
632 2336 671 2374 sic
682 2315 773 2375 virilia
785 2330 813 2375 et
822 2314 958 2377 muliebria

164 2396 340 2457 sunteadom.
631 2464 634 2469 ¹

206 2479 273 2536 111.
290 2479 331 2536 De
345 2498 387 2549 eo,
405 2474 479 2555 quod
498 2478 527 2536 in
546 2477 637 2558 priore
655 2475 729 2535 libro
746 2488 899 2535 extremum
914 2486 957 2541 est,

165 2555 225 2617 ideo
240 2576 292 2614 non
315 2577 371 2616 esse
385 2556 538 2634 analogian,
554 2554 628 2635 quod
640 2555 689 2634 qui
703 2554 739 2615 de
753 2576 783 2613 ea
798 2554 957 2634 scripserint,

163 2650 211 2693 aut
221 2635 289 2694 inter
299 2656 327 2695 se
337 2657 390 2696 non
401 2636 572 2712 conveniant,
584 2649 629 2695 ant
639 2635 667 2694 in
679 2634 782 2714 quibus
792 2632 955 2703 conveniant,

164 2735 194 2771 ea
209 2735 273 2774 cum
287 2714 481 2777 consuetudine
496 2714 667 2796 discrepent:
683 2713 841 2777 amovebis*
855 2720 954 2772 nt'ruro·
