2250 3090
165 224 224 283 tot
552 240 570 285 n

165 343 317 404 Asinariam
336 363 419 422 usque
446 344 482 403 ad
503 344 637 410 Latinam,
671 347 888 429 temptum
904 370 937 411 set

164 442 248 495 vum,
270 424 338 482 Cato
361 422 390 481 in
413 421 545 484 Suasiouc
568 424 646 505 legin
663 427 793 490 Voconio
815 446 881 488 cum
905 428 937 489 ait

163 500 311 582 significat,
340 503 389 579 qui
420 502 456 562 ol)
487 503 587 565 vitium
618 504 791 566 redhibitus·
810 506 850 566 sit
866 533 880 565 τ·
903 506 937 569 Ul

163 582 230 641 irata
258 581 328 642 facta
352 594 407 653 est,
509 603 618 644 servum
658 585 827 666 receptitium
864 600 937 651 secte

162 675 242 738 atque
265 659 387 740 flagitare
414 661 505 720 virum
517 661 605 742 jubet.
693 663 714 742 ἦ
731 665 834 743 Rogat,
853 664 886 725 id
903 678 937 725 eet

163 739 278 799 consulit
324 739 450 818 epulum,
470 739 516 802 vel
537 741 605 821 petit
625 743 660 802 ab
684 763 733 816 eo,
797 757 827 802 ut
841 743 873 802 id
894 742 937 803 sci

164 832 219 894 cat,
241 760 323 896 quoi
345 818 434 887 feret3
457 818 531 878 unde
567 840 615 881 nos
652 842 759 899 quoqne
787 820 816 878 in
849 840 937 883 consu

164 895 256 956 tudine
288 894 421 956 habemus
445 918 495 978 pro
542 911 633 974 etere,
650 912 678 958 et
703 919 788 959 orare.
896 902 937 961 na

162 977 191 1034 in
230 973 406 1034 Dissuasione
445 997 479 1036 ne
522 918 572 1038 lex
628 978 719 1039 Baehia
762 978 937 1043 denominetur

71 1108 75 1116 .
162 1054 217 1114 ait:
233 1055 291 1115 Hoc
314 1054 405 1135 potius
423 1076 516 1136 agam,
536 1057 609 1136 quod
627 1057 674 1118 hic
692 1070 775 1138 rogat.
821 1023 937 1136 {Rau

146 1188 149 1193 ¹
195 1204 207 1263 [
221 1201 368 1251 ‘Revltunc
380 1210 391 1233 ²
401 1212 526 1266 repetant.
540 1199 683 1253 ³deserunt.
696 1201 856 1255 meritant)
870 1198 937 1279 delii

500 1438 538 1503 P.
556 1440 610 1527 93.

160 1613 210 1675 pro
223 1592 325 1669 distat,
338 1593 375 1654 ait
384 1594 490 1655 Ennius
504 1611 511 1632 ¹
529 1615 639 1676 ponere,
649 1610 711 1654 cum
720 1593 785 1653 his=
800 1591 877 1653 dicat
888 1598 937 1667 211

208 1693 240 1732 us
277 1673 355 1734 aut³
390 1673 469 1754 longe
516 1673 613 1733 mediis
663 1670 820 1753 regionibus
864 1688 937 1736 resta

160 1686 263 1831 illuri
281 1774 356 1832 esse,
368 1774 422 1813 non
440 1774 513 1831 rure,
523 1750 682 1830 dicendum,
697 1751 772 1812 testis
786 1764 827 1811 est
836 1753 937 1814 Terent

163 1852 195 1890 ns
231 1833 259 1890 in
287 1832 465 1908 Phormione,
495 1854 557 1891 cum
584 1831 653 1892 ait:
685 1830 756 1893 tturt
784 1851 812 1889 se
837 1833 937 1893 contin

160 1912 225 1986 bet3
250 1908 290 1969 ibi
320 1930 415 1990 agrum
443 1912 477 1972 de
497 1924 587 1971 nostro
613 1924 696 1992 patre.
781 1910 937 1993 illeligio

161 2002 202 2047 est
266 1988 409 2049 nibnsdam
446 2005 523 2073 porta
570 1988 734 2051 Carmentali
777 1988 893 2068 egredi,

161 2069 190 2127 in
224 2008 280 2128 nie
307 2069 387 2144 Jani,
418 2092 476 2150 quae
506 2083 582 2131 extra
615 2088 691 2147 eam,
710 2068 838 2127 Senatum
870 2066 937 2130 habt

161 2147 210 2208 τί*
232 2171 241 2224 5
264 2147 338 2227 quod
360 2170 391 2209 ea
413 2151 512 2231 egressi
536 2170 584 2209 sex
604 2162 630 2208 et
646 2146 757 2207 trecenti
781 2146 862 2206 Fabii
885 2170 937 2229 apr

160 2228 315 2289 Cremeram
332 2249 424 2289 omncs
444 2229 577 2289 interlecti
593 2240 672 2302 sunt,
692 2247 755 2286 cum
779 2226 806 2283 in
829 2224 890 2285 aede
913 2228 937 2289 Ji

162 2311 189 2368 ni
214 2309 242 2370 S.
268 2312 301 2371 C.
323 2308 528 2380 factum-esset,
542 2308 582 2368 uti
607 2306 855 2390 proficiscerentur.
925 2324 930 2335 ’

201 2387 360 2468 ῚΒοῑίαιίο
421 2388 552 2469 pugnanti
612 2385 741 2446 ad'versus
802 2384 937 2445 murmilli

163 2487 240 2537 nero,
261 2479 384 2528 cantatur
410 2491 418 2526 τ
443 2470 504 2528 llon
528 2480 555 2526 te
572 2480 649 2548 peto,
672 2464 772 2546 piscem
794 2477 876 2542 peto;
892 2465 937 2543 qm*

162 2567 205 2604 me
226 2546 298 2625 fugis
331 2547 429 2606 Galle?
521 2544 584 2623 quia
610 2543 842 2604 murmillonicum
874 2562 938 2622 gem

163 2639 303 2683 armature
337 2626 477 2687 Gallicum
519 2637 573 2697 est,
661 2622 767 2702 ipsique
801 2620 937 2681 murmillt

164 2719 209 2759 ner
247 2716 307 2761 ante
344 2704 420 2763 Gelli
455 2702 675 2784 appellabantur,
699 2702 728 2760 in
764 2721 883 2780 quorum
909 2720 937 2781 ga
